trade_id,isin,listing_id,primary_ticker,currency,venue,price,phase,quantity,side,primary_mic,trade_time,bbo_timestamp,best_bid,best_ask,best_bid_min_1s,best_ask_min_1s,bbo_timestamp_min_1s,best_bid_1s,best_ask_1s,bbo_timestamp_1s,mid_price,mid_price_min_1s,mid_price_1s,slippage
288,CH0012005267,323448,NOVN,CHF,XSWX,78.48,CONTINUOUS_TRADING,-26,2,XSWX,2022-09-02 07:11:44.139,2022-09-02 07:11:43.881667000,78.47,78.48,78.46,78.48,2022-09-02 07:11:42.275647000,78.51,78.53,2022-09-02 07:11:45.108482000,78.475,78.47,78.52000000000001,0.0
289,CH0012005267,323448,NOVN,CHF,XSWX,78.58,CONTINUOUS_TRADING,-45,2,XSWX,2022-09-02 07:11:45.361,2022-09-02 07:11:45.358700000,78.58,78.6,78.48,78.5,2022-09-02 07:11:44.162531000,78.59,78.61,2022-09-02 07:11:46.083826000,78.59,78.49000000000001,78.6,1.0
291,CH0012005267,323448,NOVN,CHF,XSWX,78.57,CONTINUOUS_TRADING,-280,2,XSWX,2022-09-02 07:11:51.270,2022-09-02 07:11:50.812839000,78.57,78.58,78.58,78.6,2022-09-02 07:11:50.075557000,78.57,78.59,2022-09-02 07:11:52.259313000,78.57499999999999,78.59,78.58,1.0
290,CH0012005267,323448,NOVN,CHF,XSWX,78.57,CONTINUOUS_TRADING,-148,2,XSWX,2022-09-02 07:11:51.270,2022-09-02 07:11:50.812839000,78.57,78.58,78.58,78.6,2022-09-02 07:11:50.075557000,78.57,78.59,2022-09-02 07:11:52.259313000,78.57499999999999,78.59,78.58,1.0
292,CH0012005267,323448,NOVN,CHF,XSWX,78.57,CONTINUOUS_TRADING,-211,2,XSWX,2022-09-02 07:11:51.550,2022-09-02 07:11:51.517586000,78.57,78.59,78.56,78.58,2022-09-02 07:11:50.530991000,78.57,78.59,2022-09-02 07:11:52.542881000,78.58,78.57,78.58,1.0
329,CH0012032048,323508,ROG,CHF,XSWX,314.65,CONTINUOUS_TRADING,-19,2,XSWX,2022-09-02 07:12:01.038,2022-09-02 07:12:01.033830000,314.55,314.65,314.6,314.65,2022-09-02 07:11:58.457569000,314.6,314.65,2022-09-02 07:12:01.725062000,314.6,314.625,314.625,0.0
330,CH0012032048,323508,ROG,CHF,XSWX,314.6,CONTINUOUS_TRADING,-34,2,XSWX,2022-09-02 07:12:03.048,2022-09-02 07:12:03.046475000,314.55,314.6,314.6,314.65,2022-09-02 07:12:01.725062000,314.55,314.65,2022-09-02 07:12:04.038430000,314.57500000000005,314.625,314.6,0.0
331,CH0012032048,323508,ROG,CHF,XSWX,314.65,CONTINUOUS_TRADING,-11,2,XSWX,2022-09-02 07:12:08.211,2022-09-02 07:12:08.200105000,314.55,314.65,314.5,314.65,2022-09-02 07:12:07.167385000,314.55,314.7,2022-09-02 07:12:09.026965000,314.6,314.575,314.625,0.0
332,CH0012032048,323508,ROG,CHF,XSWX,314.5,CONTINUOUS_TRADING,-1,2,XSWX,2022-09-02 07:12:12.782,2022-09-02 07:12:12.561803000,314.5,314.6,314.55,314.65,2022-09-02 07:12:11.473453000,314.5,314.6,2022-09-02 07:12:13.394397000,314.55,314.6,314.55,1.0
293,CH0012005267,323448,NOVN,CHF,XSWX,78.48,CONTINUOUS_TRADING,-26,2,XSWX,2022-09-02 07:12:17.036,2022-09-02 07:12:17.032371000,78.47,78.48,78.46,78.48,2022-09-02 07:12:15.628832000,78.47,78.49,2022-09-02 07:12:17.933205000,78.475,78.47,78.47999999999999,0.0
333,CH0012032048,323508,ROG,CHF,XSWX,314.6,CONTINUOUS_TRADING,-32,2,XSWX,2022-09-02 07:12:28.955,2022-09-02 07:12:28.943009000,314.5,314.6,314.5,314.6,2022-09-02 07:12:27.093079000,314.6,314.7,2022-09-02 07:12:29.452352000,314.55,314.55,314.65,0.0
294,CH0012005267,323448,NOVN,CHF,XSWX,78.48,CONTINUOUS_TRADING,-52,2,XSWX,2022-09-02 07:12:43.572,2022-09-02 07:12:37.085573000,78.47,78.48,78.47,78.48,2022-09-02 07:12:37.085573000,78.48,78.49,2022-09-02 07:12:44.416226000,78.475,78.475,78.485,0.0
334,CH0012032048,323508,ROG,CHF,XSWX,314.75,CONTINUOUS_TRADING,-1,2,XSWX,2022-09-02 07:12:45.778,2022-09-02 07:12:45.766088000,314.7,314.75,314.7,314.75,2022-09-02 07:12:43.659859000,314.6,314.7,2022-09-02 07:12:46.723177000,314.725,314.725,314.65,0.0
335,CH0012032048,323508,ROG,CHF,XSWX,314.75,CONTINUOUS_TRADING,-6,2,XSWX,2022-09-02 07:12:45.783,2022-09-02 07:12:45.781495000,314.7,314.75,314.7,314.75,2022-09-02 07:12:43.659859000,314.6,314.7,2022-09-02 07:12:46.723177000,314.725,314.725,314.65,0.0
295,CH0012005267,323448,NOVN,CHF,XSWX,78.44,CONTINUOUS_TRADING,-11,2,XSWX,2022-09-02 07:12:49.411,2022-09-02 07:12:49.375179000,78.44,78.46,78.44,78.46,2022-09-02 07:12:48.405175000,78.44,78.46,2022-09-02 07:12:50.064347000,78.44999999999999,78.44999999999999,78.44999999999999,1.0
296,CH0012005267,323448,NOVN,CHF,XSWX,78.45,CONTINUOUS_TRADING,-26,2,XSWX,2022-09-02 07:12:49.873,2022-09-02 07:12:49.721030000,78.43,78.45,78.44,78.46,2022-09-02 07:12:48.644364000,78.44,78.46,2022-09-02 07:12:50.758175000,78.44,78.44999999999999,78.44999999999999,0.0
297,CH0012005267,323448,NOVN,CHF,XSWX,78.5,CONTINUOUS_TRADING,-18,2,XSWX,2022-09-02 07:12:54.720,2022-09-02 07:12:54.717823000,78.5,78.53,78.46,78.48,2022-09-02 07:12:53.703223000,78.52,78.54,2022-09-02 07:12:55.627514000,78.515,78.47,78.53,1.0
298,CH0012005267,323448,NOVN,CHF,XSWX,78.52,CONTINUOUS_TRADING,-27,2,XSWX,2022-09-02 07:13:00.766,2022-09-02 07:13:00.725620000,78.52,78.54,78.52,78.53,2022-09-02 07:12:59.721410000,78.54,78.56,2022-09-02 07:13:01.673295000,78.53,78.525,78.55000000000001,1.0
299,CH0012005267,323448,NOVN,CHF,XSWX,78.54,CONTINUOUS_TRADING,-52,2,XSWX,2022-09-02 07:13:01.039,2022-09-02 07:13:01.031505000,78.54,78.56,78.52,78.53,2022-09-02 07:13:00.011748000,78.54,78.56,2022-09-02 07:13:01.935680000,78.55000000000001,78.525,78.55000000000001,1.0
300,CH0012005267,323448,NOVN,CHF,XSWX,78.55,CONTINUOUS_TRADING,-26,2,XSWX,2022-09-02 07:13:01.555,2022-09-02 07:13:01.463028000,78.53,78.55,78.52,78.53,2022-09-02 07:13:00.011748000,78.55,78.57,2022-09-02 07:13:02.394298000,78.53999999999999,78.525,78.56,0.0
301,CH0012005267,323448,NOVN,CHF,XSWX,78.51,CONTINUOUS_TRADING,-29,2,XSWX,2022-09-02 07:13:22.410,2022-09-02 07:13:22.395682000,78.51,78.53,78.51,78.53,2022-09-02 07:13:21.406360000,78.51,78.53,2022-09-02 07:13:23.150444000,78.52000000000001,78.52000000000001,78.52000000000001,1.0
302,CH0012005267,323448,NOVN,CHF,XSWX,78.51,CONTINUOUS_TRADING,-60,2,XSWX,2022-09-02 07:13:22.666,2022-09-02 07:13:22.474101000,78.51,78.53,78.51,78.53,2022-09-02 07:13:21.607951000,78.51,78.53,2022-09-02 07:13:23.150444000,78.52000000000001,78.52000000000001,78.52000000000001,1.0
303,CH0012005267,323448,NOVN,CHF,XSWX,78.49,CONTINUOUS_TRADING,-46,2,XSWX,2022-09-02 07:13:34.685,2022-09-02 07:13:34.388533000,78.49,78.51,78.49,78.51,2022-09-02 07:13:33.641832000,78.52,78.53,2022-09-02 07:13:35.676653000,78.5,78.5,78.525,1.0
304,CH0012005267,323448,NOVN,CHF,XSWX,78.53,CONTINUOUS_TRADING,-26,2,XSWX,2022-09-02 07:13:37.649,2022-09-02 07:13:37.647858000,78.52,78.53,78.52,78.53,2022-09-02 07:13:35.676653000,78.53,78.55,2022-09-02 07:13:38.441904000,78.525,78.525,78.53999999999999,0.0
305,CH0012005267,323448,NOVN,CHF,XSWX,78.59,CONTINUOUS_TRADING,-3,2,XSWX,2022-09-02 07:13:43.975,2022-09-02 07:13:43.974766000,78.58,78.59,78.58,78.59,2022-09-02 07:13:42.672418000,78.58,78.6,2022-09-02 07:13:44.384858000,78.58500000000001,78.58500000000001,78.59,0.0
306,CH0012005267,323448,NOVN,CHF,XSWX,78.6,CONTINUOUS_TRADING,-20,2,XSWX,2022-09-02 07:13:50.595,2022-09-02 07:13:50.592145000,78.59,78.6,78.59,78.6,2022-09-02 07:13:49.172229000,78.61,78.63,2022-09-02 07:13:51.055663000,78.595,78.595,78.62,0.0
307,CH0012005267,323448,NOVN,CHF,XSWX,78.56,CONTINUOUS_TRADING,-21,2,XSWX,2022-09-02 07:14:07.019,2022-09-02 07:14:06.985528000,78.56,78.58,78.56,78.57,2022-09-02 07:14:05.697288000,78.56,78.57,2022-09-02 07:14:07.481567000,78.57,78.565,78.565,1.0
308,CH0012005267,323448,NOVN,CHF,XSWX,78.56,CONTINUOUS_TRADING,-12,2,XSWX,2022-09-02 07:14:34.143,2022-09-02 07:14:34.139658000,78.55,78.56,78.54,78.56,2022-09-02 07:14:33.004973000,78.56,78.58,2022-09-02 07:14:35.141016000,78.555,78.55000000000001,78.57,0.0
309,CH0012005267,323448,NOVN,CHF,XSWX,78.58,CONTINUOUS_TRADING,-9,2,XSWX,2022-09-02 07:14:36.167,2022-09-02 07:14:36.116365000,78.57,78.58,78.56,78.58,2022-09-02 07:14:35.166929000,78.62,78.64,2022-09-02 07:14:36.969240000,78.57499999999999,78.57,78.63,0.0
310,CH0012005267,323448,NOVN,CHF,XSWX,78.61,CONTINUOUS_TRADING,-7,2,XSWX,2022-09-02 07:14:36.539,2022-09-02 07:14:36.531227000,78.6,78.61,78.56,78.58,2022-09-02 07:14:35.250441000,78.62,78.64,2022-09-02 07:14:36.969240000,78.60499999999999,78.57,78.63,0.0
311,CH0012005267,323448,NOVN,CHF,XSWX,78.63,CONTINUOUS_TRADING,-5,2,XSWX,2022-09-02 07:14:42.935,2022-09-02 07:14:42.922949000,78.62,78.63,78.62,78.63,2022-09-02 07:14:41.923726000,78.62,78.64,2022-09-02 07:14:43.412137000,78.625,78.625,78.63,0.0
312,CH0012005267,323448,NOVN,CHF,XSWX,78.64,CONTINUOUS_TRADING,-4,2,XSWX,2022-09-02 07:14:48.413,2022-09-02 07:14:47.988665000,78.63,78.64,78.62,78.64,2022-09-02 07:14:45.470366000,78.63,78.65,2022-09-02 07:14:49.312350000,78.63499999999999,78.63,78.64,0.0
313,CH0012005267,323448,NOVN,CHF,XSWX,78.63,CONTINUOUS_TRADING,-3,2,XSWX,2022-09-02 07:14:54.820,2022-09-02 07:14:53.819776000,78.61,78.63,78.61,78.63,2022-09-02 07:14:53.819776000,78.65,78.67,2022-09-02 07:14:55.366106000,78.62,78.62,78.66,0.0
314,CH0012005267,323448,NOVN,CHF,XSWX,78.67,CONTINUOUS_TRADING,-2,2,XSWX,2022-09-02 07:14:58.304,2022-09-02 07:14:57.563022000,78.66,78.67,78.66,78.67,2022-09-02 07:14:57.108533000,78.67,78.69,2022-09-02 07:14:59.287696000,78.66499999999999,78.66499999999999,78.68,0.0
315,CH0012005267,323448,NOVN,CHF,XSWX,78.64,CONTINUOUS_TRADING,-1,2,XSWX,2022-09-02 07:15:09.043,2022-09-02 07:15:08.730356000,78.64,78.65,78.64,78.65,2022-09-02 07:15:06.538633000,78.62,78.64,2022-09-02 07:15:10.016165000,78.64500000000001,78.64500000000001,78.63,1.0
316,CH0012005267,323448,NOVN,CHF,XSWX,78.63,CONTINUOUS_TRADING,-1,2,XSWX,2022-09-02 07:15:20.781,2022-09-02 07:15:20.771428000,78.61,78.63,78.61,78.62,2022-09-02 07:15:19.679484000,78.65,78.66,2022-09-02 07:15:21.420709000,78.62,78.61500000000001,78.655,0.0
317,CH0012005267,323448,NOVN,CHF,XSWX,78.66,CONTINUOUS_TRADING,-1,2,XSWX,2022-09-02 07:15:21.947,2022-09-02 07:15:21.420709000,78.65,78.66,78.65,78.66,2022-09-02 07:15:20.813473000,78.64,78.66,2022-09-02 07:15:22.372438000,78.655,78.655,78.65,0.0
318,CH0012005267,323448,NOVN,CHF,XSWX,78.62,CONTINUOUS_TRADING,-1,2,XSWX,2022-09-02 07:15:33.835,2022-09-02 07:15:33.797694000,78.62,78.64,78.62,78.64,2022-09-02 07:15:32.374733000,78.62,78.63,2022-09-02 07:15:34.510466000,78.63,78.63,78.625,1.0
1136,CH0012214059,323496,HOLN,CHF,XSWX,43.75,CONTINUOUS_TRADING,92,1,XSWX,2022-09-02 07:19:52.421,2022-09-02 07:19:51.645781000,43.75,43.77,43.75,43.77,2022-09-02 07:19:51.390548000,43.72,43.75,2022-09-02 07:19:53.387768000,43.760000000000005,43.760000000000005,43.735,0.0
1135,CH0012214059,323496,HOLN,CHF,XSWX,43.75,CONTINUOUS_TRADING,35,1,XSWX,2022-09-02 07:19:52.421,2022-09-02 07:19:51.645781000,43.75,43.77,43.75,43.77,2022-09-02 07:19:51.390548000,43.72,43.75,2022-09-02 07:19:53.387768000,43.760000000000005,43.760000000000005,43.735,0.0
977,CH0008742519,323472,SCMN,CHF,XSWX,507.0,CONTINUOUS_TRADING,6,1,XSWX,2022-09-02 07:20:00.772,2022-09-02 07:20:00.771387000,507.0,507.2,507.0,507.2,2022-09-02 07:19:55.630759000,506.8,507.0,2022-09-02 07:20:00.782907000,507.1,507.1,506.9,0.0
1029,BE0974293251,324162,ABI,EUR,XBRU,48.055,CONTINUOUS_TRADING,71,1,XBRU,2022-09-02 07:20:00.900,2022-09-02 07:20:00.748418839,48.04,48.055,48.04,48.055,2022-09-02 07:19:59.726575658,48.06,48.075,2022-09-02 07:20:01.854965063,48.0475,48.0475,48.0675,1.0
1030,BE0974293251,324162,ABI,EUR,XBRU,48.085,CONTINUOUS_TRADING,59,1,XBRU,2022-09-02 07:20:06.901,2022-09-02 07:20:06.830108840,48.07,48.085,48.075,48.085,2022-09-02 07:20:05.868056168,48.09,48.11,2022-09-02 07:20:07.882595591,48.0775,48.08,48.1,1.0
1031,BE0974293251,324162,ABI,EUR,XBRU,48.085,CONTINUOUS_TRADING,110,1,XBRU,2022-09-02 07:20:06.901,2022-09-02 07:20:06.830108840,48.07,48.085,48.075,48.085,2022-09-02 07:20:05.868056168,48.09,48.11,2022-09-02 07:20:07.882595591,48.0775,48.08,48.1,1.0
1033,BE0974293251,324162,ABI,EUR,XBRU,48.085,CONTINUOUS_TRADING,29,1,XBRU,2022-09-02 07:20:07.161,2022-09-02 07:20:07.102319820,48.075,48.085,48.07,48.085,2022-09-02 07:20:06.093134599,48.09,48.11,2022-09-02 07:20:08.018903365,48.08,48.0775,48.1,1.0
1032,BE0974293251,324162,ABI,EUR,XBRU,48.085,CONTINUOUS_TRADING,6,1,XBRU,2022-09-02 07:20:07.161,2022-09-02 07:20:07.102319820,48.075,48.085,48.07,48.085,2022-09-02 07:20:06.093134599,48.09,48.11,2022-09-02 07:20:08.018903365,48.08,48.0775,48.1,1.0
1034,BE0974293251,324162,ABI,EUR,XBRU,48.1,CONTINUOUS_TRADING,59,1,XBRU,2022-09-02 07:20:07.745,2022-09-02 07:20:07.554294505,48.085,48.1,48.07,48.085,2022-09-02 07:20:06.093134599,48.1,48.11,2022-09-02 07:20:08.558973490,48.0925,48.0775,48.105000000000004,1.0
1035,BE0974293251,324162,ABI,EUR,XBRU,48.145,CONTINUOUS_TRADING,42,1,XBRU,2022-09-02 07:20:39.753,2022-09-02 07:20:39.749088737,48.145,48.155,48.145,48.155,2022-09-02 07:20:38.418103349,48.135,48.155,2022-09-02 07:20:40.193131670,48.150000000000006,48.150000000000006,48.144999999999996,0.0
1036,BE0974293251,324162,ABI,EUR,XBRU,48.145,CONTINUOUS_TRADING,29,1,XBRU,2022-09-02 07:20:54.784,2022-09-02 07:20:54.551689826,48.145,48.155,48.145,48.155,2022-09-02 07:20:51.546792008,48.13,48.145,2022-09-02 07:20:55.759096921,48.150000000000006,48.150000000000006,48.1375,0.0
1037,BE0974293251,324162,ABI,EUR,XBRU,48.13,CONTINUOUS_TRADING,29,1,XBRU,2022-09-02 07:20:57.046,2022-09-02 07:20:57.041361173,48.13,48.14,48.13,48.145,2022-09-02 07:20:55.759096921,48.115,48.135,2022-09-02 07:20:57.360971215,48.135000000000005,48.1375,48.125,0.0
978,CH0008742519,323472,SCMN,CHF,XSWX,506.8,CONTINUOUS_TRADING,6,1,XSWX,2022-09-02 07:20:57.862,2022-09-02 07:20:57.847959000,506.8,507.2,506.8,507.2,2022-09-02 07:20:56.009313000,506.6,507.0,2022-09-02 07:20:58.133456000,507.0,507.0,506.8,0.0
1038,BE0974293251,324162,ABI,EUR,XBRU,48.12,CONTINUOUS_TRADING,30,1,XBRU,2022-09-02 07:21:07.529,2022-09-02 07:21:06.410956448,48.12,48.13,48.12,48.13,2022-09-02 07:21:06.410956448,48.095,48.11,2022-09-02 07:21:08.450295201,48.125,48.125,48.1025,0.0
1039,BE0974293251,324162,ABI,EUR,XBRU,48.11,CONTINUOUS_TRADING,71,1,XBRU,2022-09-02 07:21:16.452,2022-09-02 07:21:16.084248840,48.1,48.11,48.095,48.11,2022-09-02 07:21:15.396033665,48.1,48.12,2022-09-02 07:21:17.362572748,48.105000000000004,48.1025,48.11,1.0
1040,BE0974293251,324162,ABI,EUR,XBRU,48.11,CONTINUOUS_TRADING,13,1,XBRU,2022-09-02 07:21:16.452,2022-09-02 07:21:16.084248840,48.1,48.11,48.095,48.11,2022-09-02 07:21:15.396033665,48.1,48.12,2022-09-02 07:21:17.362572748,48.105000000000004,48.1025,48.11,1.0
1137,CH0012214059,323496,HOLN,CHF,XSWX,43.9,CONTINUOUS_TRADING,185,1,XSWX,2022-09-02 07:21:22.534,2022-09-02 07:21:21.405426000,43.9,43.92,43.9,43.92,2022-09-02 07:21:21.405426000,43.89,43.91,2022-09-02 07:21:23.200710000,43.91,43.91,43.9,0.0
1041,BE0974293251,324162,ABI,EUR,XBRU,48.145,CONTINUOUS_TRADING,39,1,XBRU,2022-09-02 07:22:13.063,2022-09-02 07:22:13.047091653,48.145,48.155,48.145,48.16,2022-09-02 07:22:11.489800194,48.135,48.15,2022-09-02 07:22:13.361951616,48.150000000000006,48.1525,48.1425,0.0
1042,BE0974293251,324162,ABI,EUR,XBRU,48.175,CONTINUOUS_TRADING,31,1,XBRU,2022-09-02 07:22:40.735,2022-09-02 07:22:40.522773306,48.175,48.19,48.175,48.19,2022-09-02 07:22:39.615142990,48.175,48.185,2022-09-02 07:22:41.305276657,48.1825,48.1825,48.18,0.0
1043,BE0974293251,324162,ABI,EUR,XBRU,48.215,CONTINUOUS_TRADING,22,1,XBRU,2022-09-02 07:22:57.155,2022-09-02 07:22:57.151930660,48.215,48.23,48.215,48.23,2022-09-02 07:22:55.924660593,48.225,48.235,2022-09-02 07:22:58.099496738,48.2225,48.2225,48.230000000000004,0.0
1044,BE0974293251,324162,ABI,EUR,XBRU,48.225,CONTINUOUS_TRADING,38,1,XBRU,2022-09-02 07:23:09.558,2022-09-02 07:23:09.114396762,48.225,48.235,48.225,48.235,2022-09-02 07:23:05.930021319,48.2,48.215,2022-09-02 07:23:10.266279671,48.230000000000004,48.230000000000004,48.2075,0.0
1045,BE0974293251,324162,ABI,EUR,XBRU,48.2,CONTINUOUS_TRADING,25,1,XBRU,2022-09-02 07:23:24.990,2022-09-02 07:23:23.550394803,48.2,48.215,48.2,48.215,2022-09-02 07:23:23.550394803,48.16,48.185,2022-09-02 07:23:25.826497261,48.2075,48.2075,48.1725,0.0
1046,BE0974293251,324162,ABI,EUR,XBRU,48.165,CONTINUOUS_TRADING,25,1,XBRU,2022-09-02 07:23:28.106,2022-09-02 07:23:27.928051039,48.165,48.175,48.165,48.175,2022-09-02 07:23:26.800239907,48.165,48.185,2022-09-02 07:23:28.929980973,48.17,48.17,48.175,0.0
979,CH0008742519,323472,SCMN,CHF,XSWX,508.0,CONTINUOUS_TRADING,7,1,XSWX,2022-09-02 07:23:29.687,2022-09-02 07:23:09.590435000,508.0,508.4,508.0,508.4,2022-09-02 07:23:09.590435000,507.8,508.2,2022-09-02 07:23:30.685989000,508.2,508.2,508.0,0.0
1047,BE0974293251,324162,ABI,EUR,XBRU,48.175,CONTINUOUS_TRADING,83,1,XBRU,2022-09-02 07:23:31.162,2022-09-02 07:23:30.940832251,48.16,48.175,48.16,48.185,2022-09-02 07:23:30.107198576,48.18,48.19,2022-09-02 07:23:31.837153472,48.1675,48.1725,48.185,1.0
1048,BE0974293251,324162,ABI,EUR,XBRU,48.185,CONTINUOUS_TRADING,125,1,XBRU,2022-09-02 07:23:31.825,2022-09-02 07:23:31.450190490,48.17,48.185,48.16,48.175,2022-09-02 07:23:30.602434227,48.18,48.19,2022-09-02 07:23:31.837153472,48.1775,48.1675,48.185,1.0
1049,BE0974293251,324162,ABI,EUR,XBRU,48.18,CONTINUOUS_TRADING,35,1,XBRU,2022-09-02 07:23:38.748,2022-09-02 07:23:34.044446185,48.18,48.19,48.18,48.19,2022-09-02 07:23:34.044446185,48.17,48.19,2022-09-02 07:23:39.680698242,48.185,48.185,48.18,0.0
1050,BE0974293251,324162,ABI,EUR,XBRU,48.185,CONTINUOUS_TRADING,43,1,XBRU,2022-09-02 07:24:17.385,2022-09-02 07:24:14.635187487,48.185,48.195,48.185,48.195,2022-09-02 07:24:14.635187487,48.17,48.19,2022-09-02 07:24:18.294876279,48.19,48.19,48.18,0.0
1051,BE0974293251,324162,ABI,EUR,XBRU,48.185,CONTINUOUS_TRADING,44,1,XBRU,2022-09-02 07:24:17.440,2022-09-02 07:24:17.417519605,48.17,48.19,48.185,48.195,2022-09-02 07:24:14.635187487,48.17,48.19,2022-09-02 07:24:18.294876279,48.18,48.19,48.18,0.7500000000001776
1052,BE0974293251,324162,ABI,EUR,XBRU,48.18,CONTINUOUS_TRADING,34,1,XBRU,2022-09-02 07:24:33.751,2022-09-02 07:24:33.750902952,48.18,48.195,48.18,48.195,2022-09-02 07:24:32.070666706,48.17,48.185,2022-09-02 07:24:34.358454556,48.1875,48.1875,48.1775,0.0
1188,BE0003593044,324084,COFB,EUR,XBRU,99.45,CONTINUOUS_TRADING,14,1,XBRU,2022-09-02 07:24:33.976,2022-09-02 07:23:21.155713971,99.45,99.55,99.45,99.55,2022-09-02 07:23:21.155713971,99.3,99.5,2022-09-02 07:24:34.331237110,99.5,99.5,99.4,0.0
1053,BE0974293251,324162,ABI,EUR,XBRU,48.15,CONTINUOUS_TRADING,32,1,XBRU,2022-09-02 07:24:48.172,2022-09-02 07:24:45.936384679,48.15,48.155,48.15,48.155,2022-09-02 07:24:45.936384679,48.15,48.165,2022-09-02 07:24:49.163617078,48.1525,48.1525,48.1575,0.0
1054,BE0974293251,324162,ABI,EUR,XBRU,48.175,CONTINUOUS_TRADING,10,1,XBRU,2022-09-02 07:25:15.339,2022-09-02 07:25:11.062287021,48.175,48.185,48.175,48.185,2022-09-02 07:25:11.062287021,48.155,48.175,2022-09-02 07:25:16.205517281,48.18,48.18,48.165,0.0
1055,BE0974293251,324162,ABI,EUR,XBRU,48.175,CONTINUOUS_TRADING,23,1,XBRU,2022-09-02 07:25:15.339,2022-09-02 07:25:11.062287021,48.175,48.185,48.175,48.185,2022-09-02 07:25:11.062287021,48.155,48.175,2022-09-02 07:25:16.205517281,48.18,48.18,48.165,0.0
980,CH0008742519,323472,SCMN,CHF,XSWX,508.6,CONTINUOUS_TRADING,6,1,XSWX,2022-09-02 07:25:16.047,2022-09-02 07:25:14.660379000,508.6,509.0,508.6,509.0,2022-09-02 07:25:14.660379000,508.4,508.8,2022-09-02 07:25:16.062443000,508.8,508.8,508.6,0.0
1056,BE0974293251,324162,ABI,EUR,XBRU,48.175,CONTINUOUS_TRADING,38,1,XBRU,2022-09-02 07:25:33.720,2022-09-02 07:25:33.596096475,48.175,48.185,48.175,48.19,2022-09-02 07:25:31.281360288,48.145,48.16,2022-09-02 07:25:34.205937087,48.18,48.1825,48.1525,0.0
1057,BE0974293251,324162,ABI,EUR,XBRU,48.155,CONTINUOUS_TRADING,35,1,XBRU,2022-09-02 07:25:39.100,2022-09-02 07:25:38.636343026,48.155,48.165,48.155,48.165,2022-09-02 07:25:36.998080541,48.145,48.155,2022-09-02 07:25:39.786048375,48.16,48.16,48.150000000000006,0.0
1058,BE0974293251,324162,ABI,EUR,XBRU,48.14,CONTINUOUS_TRADING,24,1,XBRU,2022-09-02 07:25:42.750,2022-09-02 07:25:42.732976871,48.14,48.145,48.145,48.155,2022-09-02 07:25:41.638241610,48.13,48.14,2022-09-02 07:25:43.386693342,48.1425,48.150000000000006,48.135000000000005,0.0
981,CH0008742519,323472,SCMN,CHF,XSWX,508.4,CONTINUOUS_TRADING,2,1,XSWX,2022-09-02 07:25:44.678,2022-09-02 07:25:44.663164000,508.4,508.8,508.4,508.8,2022-09-02 07:25:37.978748000,508.0,508.4,2022-09-02 07:25:45.621132000,508.6,508.6,508.2,0.0
1060,BE0974293251,324162,ABI,EUR,XBRU,48.14,CONTINUOUS_TRADING,116,1,XBRU,2022-09-02 07:25:47.950,2022-09-02 07:25:44.405711288,48.125,48.14,48.125,48.14,2022-09-02 07:25:44.405711288,48.135,48.145,2022-09-02 07:25:48.600611164,48.1325,48.1325,48.14,1.0
1059,BE0974293251,324162,ABI,EUR,XBRU,48.14,CONTINUOUS_TRADING,125,1,XBRU,2022-09-02 07:25:47.950,2022-09-02 07:25:44.405711288,48.125,48.14,48.125,48.14,2022-09-02 07:25:44.405711288,48.135,48.145,2022-09-02 07:25:48.600611164,48.1325,48.1325,48.14,1.0
1061,BE0974293251,324162,ABI,EUR,XBRU,48.145,CONTINUOUS_TRADING,68,1,XBRU,2022-09-02 07:25:48.596,2022-09-02 07:25:48.589940250,48.13,48.145,48.125,48.14,2022-09-02 07:25:44.405711288,48.13,48.14,2022-09-02 07:25:49.454323687,48.1375,48.1325,48.135000000000005,1.0
1062,BE0974293251,324162,ABI,EUR,XBRU,48.135,CONTINUOUS_TRADING,3,1,XBRU,2022-09-02 07:25:49.080,2022-09-02 07:25:49.011142124,48.135,48.145,48.135,48.145,2022-09-02 07:25:47.962134011,48.115,48.13,2022-09-02 07:25:50.076749689,48.14,48.14,48.1225,0.0
1138,CH0012214059,323496,HOLN,CHF,XSWX,44.13,CONTINUOUS_TRADING,44,1,XSWX,2022-09-02 07:25:49.205,2022-09-02 07:25:49.199772000,44.13,44.15,44.13,44.15,2022-09-02 07:25:43.808774000,44.11,44.13,2022-09-02 07:25:49.807089000,44.14,44.14,44.120000000000005,0.0
1063,BE0974293251,324162,ABI,EUR,XBRU,48.135,CONTINUOUS_TRADING,36,1,XBRU,2022-09-02 07:25:49.219,2022-09-02 07:25:49.208371116,48.135,48.145,48.135,48.145,2022-09-02 07:25:47.962134011,48.115,48.13,2022-09-02 07:25:50.076749689,48.14,48.14,48.1225,0.0
1064,BE0974293251,324162,ABI,EUR,XBRU,48.12,CONTINUOUS_TRADING,57,1,XBRU,2022-09-02 07:26:00.951,2022-09-02 07:25:59.949251454,48.11,48.12,48.11,48.12,2022-09-02 07:25:59.949251454,48.125,48.135,2022-09-02 07:26:01.753277919,48.114999999999995,48.114999999999995,48.129999999999995,1.0
1065,BE0974293251,324162,ABI,EUR,XBRU,48.13,CONTINUOUS_TRADING,103,1,XBRU,2022-09-02 07:26:01.747,2022-09-02 07:26:01.700053696,48.12,48.13,48.11,48.12,2022-09-02 07:25:59.949251454,48.13,48.135,2022-09-02 07:26:02.097307432,48.125,48.114999999999995,48.1325,1.0
1066,BE0974293251,324162,ABI,EUR,XBRU,48.12,CONTINUOUS_TRADING,43,1,XBRU,2022-09-02 07:26:09.316,2022-09-02 07:26:07.496097998,48.12,48.13,48.12,48.13,2022-09-02 07:26:07.496097998,48.115,48.13,2022-09-02 07:26:09.482704982,48.125,48.125,48.1225,0.0
982,CH0008742519,323472,SCMN,CHF,XSWX,508.4,CONTINUOUS_TRADING,5,1,XSWX,2022-09-02 07:26:21.400,2022-09-02 07:26:21.302944000,508.4,508.6,508.4,508.6,2022-09-02 07:26:20.195947000,508.2,508.6,2022-09-02 07:26:21.806591000,508.5,508.5,508.4,0.0
1067,BE0974293251,324162,ABI,EUR,XBRU,48.13,CONTINUOUS_TRADING,27,1,XBRU,2022-09-02 07:26:32.351,2022-09-02 07:26:32.342673761,48.13,48.14,48.135,48.145,2022-09-02 07:26:28.757830100,48.12,48.14,2022-09-02 07:26:33.217242893,48.135000000000005,48.14,48.129999999999995,0.0
1068,BE0974293251,324162,ABI,EUR,XBRU,48.13,CONTINUOUS_TRADING,85,1,XBRU,2022-09-02 07:26:36.955,2022-09-02 07:26:35.230103865,48.115,48.13,48.115,48.13,2022-09-02 07:26:35.230103865,48.125,48.14,2022-09-02 07:26:37.921578430,48.1225,48.1225,48.1325,1.0
1070,BE0974293251,324162,ABI,EUR,XBRU,48.12,CONTINUOUS_TRADING,36,1,XBRU,2022-09-02 07:27:07.144,2022-09-02 07:27:07.143203352,48.12,48.135,48.12,48.14,2022-09-02 07:27:01.954947949,48.115,48.125,2022-09-02 07:27:08.066109433,48.1275,48.129999999999995,48.120000000000005,0.0
1069,BE0974293251,324162,ABI,EUR,XBRU,48.12,CONTINUOUS_TRADING,3,1,XBRU,2022-09-02 07:27:07.144,2022-09-02 07:27:07.143203352,48.12,48.135,48.12,48.14,2022-09-02 07:27:01.954947949,48.115,48.125,2022-09-02 07:27:08.066109433,48.1275,48.129999999999995,48.120000000000005,0.0
983,CH0008742519,323472,SCMN,CHF,XSWX,508.4,CONTINUOUS_TRADING,11,1,XSWX,2022-09-02 07:27:20.197,2022-09-02 07:27:20.188667000,508.4,508.8,508.4,508.8,2022-09-02 07:27:19.010439000,508.4,508.8,2022-09-02 07:27:20.856628000,508.6,508.6,508.6,0.0
1071,BE0974293251,324162,ABI,EUR,XBRU,48.115,CONTINUOUS_TRADING,30,1,XBRU,2022-09-02 07:27:21.136,2022-09-02 07:27:20.950906320,48.115,48.125,48.115,48.125,2022-09-02 07:27:13.084827972,48.095,48.115,2022-09-02 07:27:21.817940952,48.120000000000005,48.120000000000005,48.105000000000004,0.0
1072,BE0974293251,324162,ABI,EUR,XBRU,48.1,CONTINUOUS_TRADING,125,1,XBRU,2022-09-02 07:27:26.959,2022-09-02 07:27:26.602679172,48.08,48.1,48.09,48.105,2022-09-02 07:27:25.729721010,48.1,48.11,2022-09-02 07:27:27.732820372,48.09,48.0975,48.105000000000004,1.0
1073,BE0974293251,324162,ABI,EUR,XBRU,48.105,CONTINUOUS_TRADING,3,1,XBRU,2022-09-02 07:27:27.460,2022-09-02 07:27:27.416477635,48.09,48.105,48.08,48.1,2022-09-02 07:27:26.414362150,48.095,48.11,2022-09-02 07:27:28.231309039,48.0975,48.09,48.1025,1.0
1074,BE0974293251,324162,ABI,EUR,XBRU,48.1,CONTINUOUS_TRADING,28,1,XBRU,2022-09-02 07:27:46.920,2022-09-02 07:27:37.769362224,48.1,48.11,48.1,48.11,2022-09-02 07:27:37.769362224,48.1,48.11,2022-09-02 07:27:47.826479551,48.105000000000004,48.105000000000004,48.105000000000004,0.0
1139,CH0012214059,323496,HOLN,CHF,XSWX,44.07,CONTINUOUS_TRADING,16,1,XSWX,2022-09-02 07:27:53.563,2022-09-02 07:27:53.562824000,44.07,44.09,44.07,44.1,2022-09-02 07:27:51.900333000,44.05,44.08,2022-09-02 07:27:53.874118000,44.08,44.085,44.065,0.0
984,CH0008742519,323472,SCMN,CHF,XSWX,508.6,CONTINUOUS_TRADING,5,1,XSWX,2022-09-02 07:28:01.460,2022-09-02 07:28:01.459411000,508.6,508.8,508.6,509.0,2022-09-02 07:27:59.818406000,508.2,508.6,2022-09-02 07:28:02.189098000,508.70000000000005,508.8,508.4,0.0
1189,BE0003593044,324084,COFB,EUR,XBRU,99.3,CONTINUOUS_TRADING,11,1,XBRU,2022-09-02 07:28:02.182,2022-09-02 07:26:46.482352449,99.3,99.4,99.3,99.4,2022-09-02 07:26:46.482352449,99.2,99.35,2022-09-02 07:28:02.208355910,99.35,99.35,99.275,0.0
1140,CH0012214059,323496,HOLN,CHF,XSWX,44.11,CONTINUOUS_TRADING,121,1,XSWX,2022-09-02 07:28:11.936,2022-09-02 07:28:11.836766000,44.09,44.12,44.1,44.12,2022-09-02 07:28:10.695874000,44.09,44.12,2022-09-02 07:28:12.101709000,44.105000000000004,44.11,44.105000000000004,0.6666666666666666
1075,BE0974293251,324162,ABI,EUR,XBRU,48.115,CONTINUOUS_TRADING,33,1,XBRU,2022-09-02 07:28:14.286,2022-09-02 07:28:11.370324127,48.115,48.125,48.115,48.125,2022-09-02 07:28:11.370324127,48.115,48.125,2022-09-02 07:28:14.655991447,48.120000000000005,48.120000000000005,48.120000000000005,0.0
1076,BE0974293251,324162,ABI,EUR,XBRU,48.11,CONTINUOUS_TRADING,43,1,XBRU,2022-09-02 07:28:48.206,2022-09-02 07:28:47.953073350,48.11,48.12,48.11,48.125,2022-09-02 07:28:46.530044084,48.1,48.12,2022-09-02 07:28:48.412325453,48.114999999999995,48.1175,48.11,0.0
1077,BE0974293251,324162,ABI,EUR,XBRU,48.1,CONTINUOUS_TRADING,32,1,XBRU,2022-09-02 07:29:02.493,2022-09-02 07:29:02.488200946,48.1,48.11,48.1,48.12,2022-09-02 07:29:01.461089741,48.07,48.09,2022-09-02 07:29:03.147979252,48.105000000000004,48.11,48.08,0.0
985,CH0008742519,323472,SCMN,CHF,XSWX,508.4,CONTINUOUS_TRADING,6,1,XSWX,2022-09-02 07:29:04.050,2022-09-02 07:29:04.037389000,508.4,508.6,508.4,508.8,2022-09-02 07:29:02.279818000,508.4,508.8,2022-09-02 07:29:04.615270000,508.5,508.6,508.6,0.0
1078,BE0974293251,324162,ABI,EUR,XBRU,48.085,CONTINUOUS_TRADING,21,1,XBRU,2022-09-02 07:29:08.594,2022-09-02 07:29:08.400256770,48.08,48.085,48.075,48.085,2022-09-02 07:29:07.380818391,48.09,48.095,2022-09-02 07:29:09.268300608,48.082499999999996,48.08,48.0925,1.0
1079,BE0974293251,324162,ABI,EUR,XBRU,48.095,CONTINUOUS_TRADING,11,1,XBRU,2022-09-02 07:29:09.645,2022-09-02 07:29:09.268300608,48.09,48.095,48.085,48.095,2022-09-02 07:29:08.606244007,48.09,48.105,2022-09-02 07:29:09.662228354,48.0925,48.09,48.0975,1.0
1082,BE0974293251,324162,ABI,EUR,XBRU,48.105,CONTINUOUS_TRADING,75,1,XBRU,2022-09-02 07:29:10.812,2022-09-02 07:29:09.662228354,48.09,48.105,48.09,48.105,2022-09-02 07:29:09.662228354,48.1,48.105,2022-09-02 07:29:11.741872725,48.0975,48.0975,48.1025,1.0
1080,BE0974293251,324162,ABI,EUR,XBRU,48.105,CONTINUOUS_TRADING,115,1,XBRU,2022-09-02 07:29:10.812,2022-09-02 07:29:09.662228354,48.09,48.105,48.09,48.105,2022-09-02 07:29:09.662228354,48.1,48.105,2022-09-02 07:29:11.741872725,48.0975,48.0975,48.1025,1.0
1081,BE0974293251,324162,ABI,EUR,XBRU,48.105,CONTINUOUS_TRADING,44,1,XBRU,2022-09-02 07:29:10.812,2022-09-02 07:29:09.662228354,48.09,48.105,48.09,48.105,2022-09-02 07:29:09.662228354,48.1,48.105,2022-09-02 07:29:11.741872725,48.0975,48.0975,48.1025,1.0
1083,BE0974293251,324162,ABI,EUR,XBRU,48.1,CONTINUOUS_TRADING,38,1,XBRU,2022-09-02 07:29:27.072,2022-09-02 07:29:27.055506184,48.1,48.11,48.095,48.11,2022-09-02 07:29:24.020564226,48.095,48.11,2022-09-02 07:29:27.929673008,48.105000000000004,48.1025,48.1025,0.0
1084,BE0974293251,324162,ABI,EUR,XBRU,48.085,CONTINUOUS_TRADING,18,1,XBRU,2022-09-02 07:29:42.998,2022-09-02 07:29:42.761970784,48.085,48.095,48.085,48.1,2022-09-02 07:29:41.965669347,48.07,48.085,2022-09-02 07:29:43.992282308,48.09,48.0925,48.0775,0.0
1085,BE0974293251,324162,ABI,EUR,XBRU,48.075,CONTINUOUS_TRADING,38,1,XBRU,2022-09-02 07:29:47.963,2022-09-02 07:29:45.304881180,48.055,48.075,48.055,48.075,2022-09-02 07:29:45.304881180,48.08,48.095,2022-09-02 07:29:48.519150296,48.065,48.065,48.0875,1.0
1086,BE0974293251,324162,ABI,EUR,XBRU,48.075,CONTINUOUS_TRADING,28,1,XBRU,2022-09-02 07:29:48.216,2022-09-02 07:29:48.086155363,48.065,48.075,48.055,48.075,2022-09-02 07:29:45.304881180,48.075,48.095,2022-09-02 07:29:49.064356100,48.07,48.065,48.085,1.0
986,CH0008742519,323472,SCMN,CHF,XSWX,508.6,CONTINUOUS_TRADING,5,1,XSWX,2022-09-02 07:30:00.310,2022-09-02 07:30:00.280759000,508.6,508.8,508.6,509.0,2022-09-02 07:29:58.145641000,508.4,508.6,2022-09-02 07:30:01.186480000,508.70000000000005,508.8,508.5,0.0
987,CH0008742519,323472,SCMN,CHF,XSWX,508.4,CONTINUOUS_TRADING,6,1,XSWX,2022-09-02 07:30:19.716,2022-09-02 07:30:16.230383000,508.4,508.6,508.4,508.6,2022-09-02 07:30:16.230383000,508.2,508.4,2022-09-02 07:30:19.766569000,508.5,508.5,508.29999999999995,0.0
988,CH0008742519,323472,SCMN,CHF,XSWX,508.2,CONTINUOUS_TRADING,6,1,XSWX,2022-09-02 07:31:02.243,2022-09-02 07:30:57.689969000,508.2,508.6,508.2,508.6,2022-09-02 07:30:57.689969000,507.8,508.2,2022-09-02 07:31:02.297261000,508.4,508.4,508.0,0.0
989,CH0008742519,323472,SCMN,CHF,XSWX,508.0,CONTINUOUS_TRADING,7,1,XSWX,2022-09-02 07:31:15.876,2022-09-02 07:31:15.869463000,508.0,508.2,508.0,508.4,2022-09-02 07:31:14.795360000,507.8,508.2,2022-09-02 07:31:15.876162000,508.1,508.2,508.0,0.0
990,CH0008742519,323472,SCMN,CHF,XSWX,507.8,CONTINUOUS_TRADING,6,1,XSWX,2022-09-02 07:31:28.710,2022-09-02 07:31:24.902883000,507.8,508.0,507.8,508.0,2022-09-02 07:31:24.902883000,507.4,507.8,2022-09-02 07:31:29.676177000,507.9,507.9,507.6,0.0
1190,BE0003593044,324084,COFB,EUR,XBRU,99.2,CONTINUOUS_TRADING,11,1,XBRU,2022-09-02 07:31:43.356,2022-09-02 07:31:18.811307394,99.2,99.3,99.2,99.3,2022-09-02 07:31:18.811307394,99.2,99.25,2022-09-02 07:31:43.454556418,99.25,99.25,99.225,0.0
991,CH0008742519,323472,SCMN,CHF,XSWX,507.4,CONTINUOUS_TRADING,7,1,XSWX,2022-09-02 07:32:07.475,2022-09-02 07:32:06.543310000,507.4,507.8,507.4,507.8,2022-09-02 07:32:05.038030000,507.2,507.6,2022-09-02 07:32:07.502219000,507.6,507.6,507.4,0.0
992,CH0008742519,323472,SCMN,CHF,XSWX,507.2,CONTINUOUS_TRADING,7,1,XSWX,2022-09-02 07:33:33.142,2022-09-02 07:33:33.141872000,507.2,507.4,507.2,507.6,2022-09-02 07:33:27.939807000,507.0,507.4,2022-09-02 07:33:33.665754000,507.29999999999995,507.4,507.2,0.0
993,CH0008742519,323472,SCMN,CHF,XSWX,507.0,CONTINUOUS_TRADING,5,1,XSWX,2022-09-02 07:33:41.448,2022-09-02 07:33:40.461449000,507.0,507.4,507.0,507.4,2022-09-02 07:33:39.737958000,506.8,507.2,2022-09-02 07:33:41.589311000,507.2,507.2,507.0,0.0
1191,BE0003593044,324084,COFB,EUR,XBRU,99.1,CONTINUOUS_TRADING,11,1,XBRU,2022-09-02 07:34:20.540,2022-09-02 07:34:20.527842756,99.1,99.2,99.1,99.25,2022-09-02 07:33:00.150723351,98.9,99.1,2022-09-02 07:34:21.528719579,99.15,99.175,99.0,0.0
994,CH0008742519,323472,SCMN,CHF,XSWX,507.2,CONTINUOUS_TRADING,5,1,XSWX,2022-09-02 07:36:13.248,2022-09-02 07:36:10.271023000,507.2,507.4,507.2,507.4,2022-09-02 07:36:10.271023000,506.8,507.2,2022-09-02 07:36:13.313841000,507.29999999999995,507.29999999999995,507.0,0.0
995,CH0008742519,323472,SCMN,CHF,XSWX,507.4,CONTINUOUS_TRADING,5,1,XSWX,2022-09-02 07:38:42.669,2022-09-02 07:38:40.048762000,507.4,507.6,507.4,507.6,2022-09-02 07:38:40.048762000,507.0,507.4,2022-09-02 07:38:42.767325000,507.5,507.5,507.2,0.0
100,BE0003851681,328336,AED,EUR,XBRU,91.8,CONTINUOUS_TRADING,11,1,XBRU,2022-09-02 07:39:39.072,2022-09-02 07:39:27.546957660,91.8,91.85,91.8,91.85,2022-09-02 07:39:27.546957660,91.75,91.85,2022-09-02 07:39:39.133233693,91.82499999999999,91.82499999999999,91.8,0.0
996,CH0008742519,323472,SCMN,CHF,XSWX,507.4,CONTINUOUS_TRADING,7,1,XSWX,2022-09-02 07:40:21.346,2022-09-02 07:40:20.293914000,507.4,507.6,507.4,507.6,2022-09-02 07:40:20.293914000,507.2,507.6,2022-09-02 07:40:21.361261000,507.5,507.5,507.4,0.0
997,CH0008742519,323472,SCMN,CHF,XSWX,507.2,CONTINUOUS_TRADING,7,1,XSWX,2022-09-02 07:40:59.000,2022-09-02 07:40:58.970631000,507.2,507.6,507.2,507.6,2022-09-02 07:40:55.217244000,507.0,507.4,2022-09-02 07:40:59.934029000,507.4,507.4,507.2,0.0
998,CH0008742519,323472,SCMN,CHF,XSWX,507.0,CONTINUOUS_TRADING,8,1,XSWX,2022-09-02 07:41:19.758,2022-09-02 07:41:16.768971000,507.0,507.2,507.0,507.2,2022-09-02 07:41:16.768971000,506.8,507.2,2022-09-02 07:41:20.502220000,507.1,507.1,507.0,0.0
1192,BE0003593044,324084,COFB,EUR,XBRU,99.1,CONTINUOUS_TRADING,14,1,XBRU,2022-09-02 07:41:39.611,2022-09-02 07:41:31.951439912,99.1,99.2,99.1,99.2,2022-09-02 07:41:31.951439912,99.0,99.1,2022-09-02 07:41:39.777742562,99.15,99.15,99.05,0.0
101,BE0003851681,328336,AED,EUR,XBRU,91.9,CONTINUOUS_TRADING,16,1,XBRU,2022-09-02 07:43:05.795,2022-09-02 07:43:00.780403102,91.9,91.95,91.9,91.95,2022-09-02 07:43:00.780403102,91.8,91.9,2022-09-02 07:43:06.689282110,91.92500000000001,91.92500000000001,91.85,0.0
999,CH0008742519,323472,SCMN,CHF,XSWX,506.8,CONTINUOUS_TRADING,9,1,XSWX,2022-09-02 07:43:08.122,2022-09-02 07:43:08.046926000,506.8,507.2,506.8,507.2,2022-09-02 07:43:05.196901000,506.8,507.2,2022-09-02 07:43:08.327485000,507.0,507.0,507.0,0.0
1000,CH0008742519,323472,SCMN,CHF,XSWX,507.2,CONTINUOUS_TRADING,4,1,XSWX,2022-09-02 07:44:34.366,2022-09-02 07:44:31.419045000,507.2,507.4,507.2,507.4,2022-09-02 07:44:31.419045000,506.8,507.2,2022-09-02 07:44:34.599361000,507.29999999999995,507.29999999999995,507.0,0.0
1001,CH0008742519,323472,SCMN,CHF,XSWX,506.8,CONTINUOUS_TRADING,7,1,XSWX,2022-09-02 07:45:19.721,2022-09-02 07:45:18.353453000,506.8,507.0,506.8,507.0,2022-09-02 07:45:18.353453000,506.6,507.0,2022-09-02 07:45:19.824742000,506.9,506.9,506.8,0.0
1002,CH0008742519,323472,SCMN,CHF,XSWX,506.8,CONTINUOUS_TRADING,6,1,XSWX,2022-09-02 07:46:26.134,2022-09-02 07:46:25.632778000,506.8,507.0,506.8,507.0,2022-09-02 07:46:24.976390000,506.8,507.2,2022-09-02 07:46:27.068111000,506.9,506.9,507.0,0.0
102,BE0003851681,328336,AED,EUR,XBRU,91.85,CONTINUOUS_TRADING,22,1,XBRU,2022-09-02 07:47:55.688,2022-09-02 07:47:53.393545961,91.85,91.95,91.85,91.95,2022-09-02 07:47:53.393545961,91.8,91.95,2022-09-02 07:47:55.692769876,91.9,91.9,91.875,0.0
1003,CH0008742519,323472,SCMN,CHF,XSWX,507.4,CONTINUOUS_TRADING,7,1,XSWX,2022-09-02 07:48:02.168,2022-09-02 07:48:02.145962000,507.4,507.6,507.4,507.6,2022-09-02 07:48:01.003989000,507.2,507.6,2022-09-02 07:48:02.168411000,507.5,507.5,507.4,0.0
1004,CH0008742519,323472,SCMN,CHF,XSWX,507.4,CONTINUOUS_TRADING,7,1,XSWX,2022-09-02 07:49:37.084,2022-09-02 07:49:37.078390000,507.4,507.6,507.4,507.8,2022-09-02 07:49:35.508438000,507.2,507.6,2022-09-02 07:49:38.041445000,507.5,507.6,507.4,0.0
103,BE0003851681,328336,AED,EUR,XBRU,91.95,CONTINUOUS_TRADING,17,1,XBRU,2022-09-02 07:50:54.472,2022-09-02 07:50:44.467718103,91.95,92.0,91.95,92.0,2022-09-02 07:50:44.467718103,91.85,92.0,2022-09-02 07:50:54.493976690,91.975,91.975,91.925,0.0
1005,CH0008742519,323472,SCMN,CHF,XSWX,507.6,CONTINUOUS_TRADING,7,1,XSWX,2022-09-02 07:51:55.471,2022-09-02 07:51:41.708534000,507.6,507.8,507.6,507.8,2022-09-02 07:51:41.708534000,507.4,507.8,2022-09-02 07:51:56.285500000,507.70000000000005,507.70000000000005,507.6,0.0
104,BE0003851681,328336,AED,EUR,XBRU,92.05,CONTINUOUS_TRADING,23,1,XBRU,2022-09-02 07:54:06.487,2022-09-02 07:53:53.353120978,92.05,92.15,92.05,92.15,2022-09-02 07:53:53.353120978,91.9,92.1,2022-09-02 07:54:06.536500409,92.1,92.1,92.0,0.0
1193,BE0003593044,324084,COFB,EUR,XBRU,99.05,CONTINUOUS_TRADING,14,1,XBRU,2022-09-02 07:54:09.150,2022-09-02 07:54:07.965750267,99.05,99.15,99.05,99.15,2022-09-02 07:54:07.965750267,98.95,99.15,2022-09-02 07:54:09.659611368,99.1,99.1,99.05000000000001,0.0
1006,CH0008742519,323472,SCMN,CHF,XSWX,507.6,CONTINUOUS_TRADING,7,1,XSWX,2022-09-02 07:54:35.360,2022-09-02 07:54:35.358587000,507.6,507.8,507.6,508.0,2022-09-02 07:54:33.808132000,507.4,507.6,2022-09-02 07:54:35.372688000,507.70000000000005,507.8,507.5,0.0
1007,CH0008742519,323472,SCMN,CHF,XSWX,507.4,CONTINUOUS_TRADING,7,1,XSWX,2022-09-02 07:54:46.758,2022-09-02 07:54:46.756954000,507.4,507.6,507.4,507.8,2022-09-02 07:54:45.123459000,507.2,507.6,2022-09-02 07:54:46.781810000,507.5,507.6,507.4,0.0
105,BE0003851681,328336,AED,EUR,XBRU,92.0,CONTINUOUS_TRADING,19,1,XBRU,2022-09-02 07:56:58.899,2022-09-02 07:56:25.024267823,92.0,92.1,92.0,92.1,2022-09-02 07:56:25.024267823,91.9,92.1,2022-09-02 07:56:58.903478600,92.05,92.05,92.0,0.0
1008,CH0008742519,323472,SCMN,CHF,XSWX,507.6,CONTINUOUS_TRADING,7,1,XSWX,2022-09-02 07:57:10.769,2022-09-02 07:57:10.768997000,507.6,508.0,507.6,508.0,2022-09-02 07:57:01.986042000,507.2,507.6,2022-09-02 07:57:10.842788000,507.8,507.8,507.4,0.0
1009,CH0008742519,323472,SCMN,CHF,XSWX,507.6,CONTINUOUS_TRADING,11,1,XSWX,2022-09-02 07:59:53.219,2022-09-02 07:59:50.720796000,507.6,507.8,507.6,507.8,2022-09-02 07:59:50.720796000,507.6,507.8,2022-09-02 07:59:53.283670000,507.70000000000005,507.70000000000005,507.70000000000005,0.0
1010,CH0008742519,323472,SCMN,CHF,XSWX,507.6,CONTINUOUS_TRADING,8,1,XSWX,2022-09-02 07:59:59.945,2022-09-02 07:59:54.237791000,507.6,507.8,507.6,507.8,2022-09-02 07:59:54.237791000,507.4,507.8,2022-09-02 08:00:00.067874000,507.70000000000005,507.70000000000005,507.6,0.0
106,BE0003851681,328336,AED,EUR,XBRU,92.0,CONTINUOUS_TRADING,18,1,XBRU,2022-09-02 08:00:49.155,2022-09-02 08:00:26.048539121,92.0,92.15,92.0,92.15,2022-09-02 08:00:26.048539121,91.9,92.05,2022-09-02 08:00:49.225462935,92.075,92.075,91.975,0.0
1011,CH0008742519,323472,SCMN,CHF,XSWX,507.8,CONTINUOUS_TRADING,4,1,XSWX,2022-09-02 08:01:41.263,2022-09-02 08:01:36.091846000,507.8,508.0,507.8,508.0,2022-09-02 08:01:36.091846000,507.6,507.8,2022-09-02 08:01:41.269796000,507.9,507.9,507.70000000000005,0.0
1012,CH0008742519,323472,SCMN,CHF,XSWX,508.0,CONTINUOUS_TRADING,8,1,XSWX,2022-09-02 08:04:52.909,2022-09-02 08:04:52.811509000,508.0,508.2,508.0,508.2,2022-09-02 08:04:50.149280000,507.8,508.2,2022-09-02 08:04:53.597107000,508.1,508.1,508.0,0.0
1013,CH0008742519,323472,SCMN,CHF,XSWX,507.8,CONTINUOUS_TRADING,3,1,XSWX,2022-09-02 08:05:20.314,2022-09-02 08:05:18.489857000,507.8,508.0,507.8,508.0,2022-09-02 08:05:18.489857000,507.6,508.0,2022-09-02 08:05:20.347124000,507.9,507.9,507.8,0.0
1014,CH0008742519,323472,SCMN,CHF,XSWX,507.8,CONTINUOUS_TRADING,2,1,XSWX,2022-09-02 08:05:20.314,2022-09-02 08:05:18.489857000,507.8,508.0,507.8,508.0,2022-09-02 08:05:18.489857000,507.6,508.0,2022-09-02 08:05:20.347124000,507.9,507.9,507.8,0.0
1015,CH0008742519,323472,SCMN,CHF,XSWX,507.8,CONTINUOUS_TRADING,5,1,XSWX,2022-09-02 08:07:00.321,2022-09-02 08:06:58.062373000,507.8,508.0,507.8,508.0,2022-09-02 08:06:58.062373000,507.6,508.0,2022-09-02 08:07:00.932356000,507.9,507.9,507.8,0.0
1016,CH0008742519,323472,SCMN,CHF,XSWX,507.8,CONTINUOUS_TRADING,7,1,XSWX,2022-09-02 08:09:41.068,2022-09-02 08:09:40.009915000,507.8,508.0,507.8,508.0,2022-09-02 08:09:40.009915000,507.6,508.0,2022-09-02 08:09:41.359911000,507.9,507.9,507.8,0.0
107,BE0003851681,328336,AED,EUR,XBRU,92.05,CONTINUOUS_TRADING,32,1,XBRU,2022-09-02 08:10:32.016,2022-09-02 08:10:16.301800612,92.05,92.15,92.05,92.15,2022-09-02 08:10:16.301800612,91.95,92.1,2022-09-02 08:10:32.812716403,92.1,92.1,92.025,0.0
1194,BE0003593044,324084,COFB,EUR,XBRU,99.0,CONTINUOUS_TRADING,16,1,XBRU,2022-09-02 08:10:32.024,2022-09-02 08:10:21.684117640,99.0,99.1,99.0,99.1,2022-09-02 08:10:21.684117640,98.95,99.05,2022-09-02 08:10:32.024168022,99.05,99.05,99.0,0.0
1017,CH0008742519,323472,SCMN,CHF,XSWX,507.6,CONTINUOUS_TRADING,9,1,XSWX,2022-09-02 08:11:45.697,2022-09-02 08:11:45.502155000,507.6,507.8,507.6,508.0,2022-09-02 08:11:43.476715000,507.4,507.6,2022-09-02 08:11:45.713628000,507.70000000000005,507.8,507.5,0.0
1018,CH0008742519,323472,SCMN,CHF,XSWX,507.4,CONTINUOUS_TRADING,8,1,XSWX,2022-09-02 08:11:50.823,2022-09-02 08:11:50.816069000,507.4,507.6,507.4,507.6,2022-09-02 08:11:49.796571000,507.2,507.6,2022-09-02 08:11:51.782232000,507.5,507.5,507.4,0.0
1019,CH0008742519,323472,SCMN,CHF,XSWX,507.2,CONTINUOUS_TRADING,7,1,XSWX,2022-09-02 08:12:43.400,2022-09-02 08:12:43.393901000,507.2,507.4,507.2,507.6,2022-09-02 08:12:40.592085000,507.0,507.4,2022-09-02 08:12:43.880299000,507.29999999999995,507.4,507.2,0.0
108,BE0003851681,328336,AED,EUR,XBRU,92.15,CONTINUOUS_TRADING,14,1,XBRU,2022-09-02 08:13:22.049,2022-09-02 08:12:54.841562081,92.15,92.3,92.15,92.3,2022-09-02 08:12:54.841562081,92.05,92.2,2022-09-02 08:13:22.062016511,92.225,92.225,92.125,0.0
1020,CH0008742519,323472,SCMN,CHF,XSWX,507.0,CONTINUOUS_TRADING,8,1,XSWX,2022-09-02 08:13:25.042,2022-09-02 08:13:25.041972000,507.0,507.2,507.0,507.4,2022-09-02 08:13:19.574363000,506.8,507.2,2022-09-02 08:13:25.150447000,507.1,507.2,507.0,0.0
1021,CH0008742519,323472,SCMN,CHF,XSWX,507.0,CONTINUOUS_TRADING,8,1,XSWX,2022-09-02 08:13:56.032,2022-09-02 08:13:55.609127000,506.8,507.0,506.8,507.0,2022-09-02 08:13:54.595787000,506.8,507.2,2022-09-02 08:13:56.645923000,506.9,506.9,507.0,1.0
1024,CH0008742519,323472,SCMN,CHF,XSWX,507.2,CONTINUOUS_TRADING,10,1,XSWX,2022-09-02 08:13:58.033,2022-09-02 08:13:56.645923000,506.8,507.2,506.8,507.2,2022-09-02 08:13:56.645923000,506.8,507.2,2022-09-02 08:13:58.386182000,507.0,507.0,507.0,1.0
1023,CH0008742519,323472,SCMN,CHF,XSWX,507.2,CONTINUOUS_TRADING,25,1,XSWX,2022-09-02 08:13:58.033,2022-09-02 08:13:56.645923000,506.8,507.2,506.8,507.2,2022-09-02 08:13:56.645923000,506.8,507.2,2022-09-02 08:13:58.386182000,507.0,507.0,507.0,1.0
1022,CH0008742519,323472,SCMN,CHF,XSWX,507.2,CONTINUOUS_TRADING,9,1,XSWX,2022-09-02 08:13:58.033,2022-09-02 08:13:56.645923000,506.8,507.2,506.8,507.2,2022-09-02 08:13:56.645923000,506.8,507.2,2022-09-02 08:13:58.386182000,507.0,507.0,507.0,1.0
109,BE0003851681,328336,AED,EUR,XBRU,92.3,CONTINUOUS_TRADING,19,1,XBRU,2022-09-02 08:17:58.129,2022-09-02 08:17:53.907684732,92.3,92.45,92.3,92.45,2022-09-02 08:17:53.907684732,92.2,92.4,2022-09-02 08:17:58.517541031,92.375,92.375,92.30000000000001,0.0
110,BE0003851681,328336,AED,EUR,XBRU,92.35,CONTINUOUS_TRADING,16,1,XBRU,2022-09-02 08:19:58.243,2022-09-02 08:19:54.419996875,92.35,92.55,92.35,92.55,2022-09-02 08:19:54.419996875,92.25,92.4,2022-09-02 08:19:58.269760004,92.44999999999999,92.44999999999999,92.325,0.0
111,BE0003851681,328336,AED,EUR,XBRU,92.45,CONTINUOUS_TRADING,17,1,XBRU,2022-09-02 08:22:56.189,2022-09-02 08:22:55.123721954,92.45,92.55,92.45,92.55,2022-09-02 08:22:55.123721954,92.4,92.5,2022-09-02 08:22:56.778370274,92.5,92.5,92.45,0.0
1195,BE0003593044,324084,COFB,EUR,XBRU,99.35,CONTINUOUS_TRADING,11,1,XBRU,2022-09-02 08:23:38.053,2022-09-02 08:22:00.926968519,99.35,99.45,99.35,99.45,2022-09-02 08:22:00.926968519,99.25,99.35,2022-09-02 08:23:38.220142112,99.4,99.4,99.3,0.0
112,BE0003851681,328336,AED,EUR,XBRU,92.4,CONTINUOUS_TRADING,11,1,XBRU,2022-09-02 08:23:43.410,2022-09-02 08:23:41.040712437,92.4,92.5,92.4,92.5,2022-09-02 08:23:41.040712437,92.3,92.5,2022-09-02 08:23:43.410710937,92.45,92.45,92.4,0.0
113,BE0003851681,328336,AED,EUR,XBRU,92.3,CONTINUOUS_TRADING,1,1,XBRU,2022-09-02 08:25:57.558,2022-09-02 08:25:26.870950061,92.3,92.4,92.3,92.4,2022-09-02 08:25:26.870950061,92.3,92.4,2022-09-02 08:25:57.558281478,92.35,92.35,92.35,0.0
114,BE0003851681,328336,AED,EUR,XBRU,92.3,CONTINUOUS_TRADING,10,1,XBRU,2022-09-02 08:26:34.978,2022-09-02 08:26:33.155340291,92.3,92.4,92.3,92.4,2022-09-02 08:26:33.155340291,92.25,92.4,2022-09-02 08:26:35.256033014,92.35,92.35,92.325,0.0
115,BE0003851681,328336,AED,EUR,XBRU,92.25,CONTINUOUS_TRADING,18,1,XBRU,2022-09-02 08:31:26.044,2022-09-02 08:29:41.075644324,92.25,92.35,92.25,92.35,2022-09-02 08:29:41.075644324,92.15,92.3,2022-09-02 08:31:26.157461142,92.3,92.3,92.225,0.0
116,BE0003851681,328336,AED,EUR,XBRU,92.2,CONTINUOUS_TRADING,11,1,XBRU,2022-09-02 08:32:48.171,2022-09-02 08:32:47.198346917,92.2,92.3,92.2,92.3,2022-09-02 08:32:46.949223916,92.1,92.2,2022-09-02 08:32:48.665515014,92.25,92.25,92.15,0.0
118,BE0003851681,328336,AED,EUR,XBRU,92.35,CONTINUOUS_TRADING,8,1,XBRU,2022-09-02 08:36:35.539,2022-09-02 08:36:21.118110569,92.35,92.5,92.35,92.5,2022-09-02 08:36:21.118110569,92.25,92.4,2022-09-02 08:36:35.539329147,92.425,92.425,92.325,0.0
117,BE0003851681,328336,AED,EUR,XBRU,92.35,CONTINUOUS_TRADING,6,1,XBRU,2022-09-02 08:36:35.539,2022-09-02 08:36:21.118110569,92.35,92.5,92.35,92.5,2022-09-02 08:36:21.118110569,92.25,92.4,2022-09-02 08:36:35.539329147,92.425,92.425,92.325,0.0
1196,BE0003593044,324084,COFB,EUR,XBRU,99.5,CONTINUOUS_TRADING,20,1,XBRU,2022-09-02 08:38:00.548,2022-09-02 08:38:00.434814134,99.4,99.55,99.35,99.45,2022-09-02 08:35:34.303743078,99.4,99.55,2022-09-02 08:38:00.641302922,99.475,99.4,99.475,0.6666666666666666
119,BE0003851681,328336,AED,EUR,XBRU,92.45,CONTINUOUS_TRADING,34,1,XBRU,2022-09-02 08:49:32.833,2022-09-02 08:49:01.193310838,92.45,92.6,92.45,92.6,2022-09-02 08:49:01.193310838,92.3,92.45,2022-09-02 08:49:32.955365318,92.525,92.525,92.375,0.0
120,BE0003851681,328336,AED,EUR,XBRU,92.45,CONTINUOUS_TRADING,19,1,XBRU,2022-09-02 08:55:36.519,2022-09-02 08:55:35.224751556,92.45,92.6,92.45,92.6,2022-09-02 08:55:35.224751556,92.4,92.55,2022-09-02 08:55:37.142710990,92.525,92.525,92.475,0.0
1197,BE0003593044,324084,COFB,EUR,XBRU,99.45,CONTINUOUS_TRADING,16,1,XBRU,2022-09-02 08:55:36.903,2022-09-02 08:55:00.003099256,99.45,99.5,99.45,99.5,2022-09-02 08:55:00.003099256,99.35,99.45,2022-09-02 08:55:37.109991040,99.475,99.475,99.4,0.0
1198,BE0003593044,324084,COFB,EUR,XBRU,99.35,CONTINUOUS_TRADING,11,1,XBRU,2022-09-02 08:59:30.940,2022-09-02 08:58:57.215385617,99.35,99.45,99.35,99.45,2022-09-02 08:58:57.215385617,99.25,99.4,2022-09-02 08:59:31.122126212,99.4,99.4,99.325,0.0
121,BE0003851681,328336,AED,EUR,XBRU,92.3,CONTINUOUS_TRADING,22,1,XBRU,2022-09-02 09:01:05.889,2022-09-02 09:00:25.845689005,92.3,92.4,92.3,92.4,2022-09-02 09:00:25.845689005,92.25,92.35,2022-09-02 09:01:06.613669194,92.35,92.35,92.3,0.0
122,BE0003851681,328336,AED,EUR,XBRU,92.25,CONTINUOUS_TRADING,11,1,XBRU,2022-09-02 09:03:17.675,2022-09-02 09:03:17.663219409,92.25,92.35,92.25,92.35,2022-09-02 09:03:04.168710533,92.2,92.35,2022-09-02 09:03:17.908711013,92.3,92.3,92.275,0.0
123,BE0003851681,328336,AED,EUR,XBRU,92.15,CONTINUOUS_TRADING,11,1,XBRU,2022-09-02 09:04:56.140,2022-09-02 09:04:04.175671361,92.15,92.2,92.15,92.2,2022-09-02 09:04:04.175671361,92.05,92.15,2022-09-02 09:04:56.166200578,92.17500000000001,92.17500000000001,92.1,0.0
1199,BE0003593044,324084,COFB,EUR,XBRU,99.0,CONTINUOUS_TRADING,11,1,XBRU,2022-09-02 09:08:27.032,2022-09-02 09:07:57.266537589,99.0,99.05,99.0,99.05,2022-09-02 09:07:57.266537589,98.95,99.05,2022-09-02 09:08:27.032038546,99.025,99.025,99.0,0.0
124,BE0003851681,328336,AED,EUR,XBRU,92.05,CONTINUOUS_TRADING,1,1,XBRU,2022-09-02 09:10:56.123,2022-09-02 09:10:56.118372071,92.05,92.15,92.05,92.15,2022-09-02 09:10:52.027315606,92.05,92.15,2022-09-02 09:10:56.123565254,92.1,92.1,92.1,0.0
125,BE0003851681,328336,AED,EUR,XBRU,92.25,CONTINUOUS_TRADING,39,1,XBRU,2022-09-02 09:20:55.961,2022-09-02 09:20:43.068312485,92.25,92.35,92.25,92.35,2022-09-02 09:20:43.068312485,92.2,92.3,2022-09-02 09:20:55.985638464,92.3,92.3,92.25,0.0
1200,BE0003593044,324084,COFB,EUR,XBRU,99.1,CONTINUOUS_TRADING,13,1,XBRU,2022-09-02 09:22:13.126,2022-09-02 09:21:22.599217665,99.1,99.15,99.1,99.15,2022-09-02 09:21:22.599217665,99.0,99.1,2022-09-02 09:22:13.268586286,99.125,99.125,99.05,0.0
126,BE0003851681,328336,AED,EUR,XBRU,92.15,CONTINUOUS_TRADING,18,1,XBRU,2022-09-02 09:22:54.673,2022-09-02 09:22:02.522575799,92.15,92.2,92.15,92.2,2022-09-02 09:22:02.522575799,92.05,92.15,2022-09-02 09:22:54.702679237,92.17500000000001,92.17500000000001,92.1,0.0
127,BE0003851681,328336,AED,EUR,XBRU,92.05,CONTINUOUS_TRADING,11,1,XBRU,2022-09-02 09:23:36.227,2022-09-02 09:23:11.405671644,92.05,92.2,92.05,92.2,2022-09-02 09:23:11.405671644,92.05,92.2,2022-09-02 09:23:36.563054984,92.125,92.125,92.125,0.0
1877,CH0012032048,323508,ROG,CHF,XSWX,313.35,CONTINUOUS_TRADING,-8,2,XSWX,2022-09-02 09:33:11.704,2022-09-02 09:33:10.592118000,313.3,313.35,313.3,313.35,2022-09-02 09:33:10.592118000,313.35,313.4,2022-09-02 09:33:11.853831000,313.32500000000005,313.32500000000005,313.375,0.0
1878,CH0012032048,323508,ROG,CHF,XSWX,313.35,CONTINUOUS_TRADING,-6,2,XSWX,2022-09-02 09:35:07.849,2022-09-02 09:35:07.837707000,313.3,313.35,313.3,313.35,2022-09-02 09:35:04.174420000,313.35,313.4,2022-09-02 09:35:08.151362000,313.32500000000005,313.32500000000005,313.375,0.0
1354,BE0974264930,324144,AGS,EUR,XBRU,40.6,CONTINUOUS_TRADING,2,1,XBRU,2022-09-02 09:35:09.746,2022-09-02 09:35:09.741100031,40.56,40.6,40.56,40.6,2022-09-02 09:35:07.809608787,40.56,40.6,2022-09-02 09:35:10.702902970,40.58,40.58,40.58,1.0
128,BE0003851681,328336,AED,EUR,XBRU,92.45,CONTINUOUS_TRADING,46,1,XBRU,2022-09-02 09:49:54.106,2022-09-02 09:49:54.100637587,92.45,92.6,92.45,92.6,2022-09-02 09:48:56.565769099,92.4,92.55,2022-09-02 09:49:54.329047865,92.525,92.525,92.475,0.0
1201,BE0003593044,324084,COFB,EUR,XBRU,99.3,CONTINUOUS_TRADING,23,1,XBRU,2022-09-02 09:49:54.118,2022-09-02 09:49:53.620508006,99.3,99.4,99.3,99.45,2022-09-02 09:49:42.158551158,99.25,99.35,2022-09-02 09:49:54.236135544,99.35,99.375,99.3,0.0
129,BE0003851681,328336,AED,EUR,XBRU,92.45,CONTINUOUS_TRADING,16,1,XBRU,2022-09-02 09:53:15.992,2022-09-02 09:52:42.641958047,92.45,92.55,92.45,92.55,2022-09-02 09:52:42.641958047,92.4,92.5,2022-09-02 09:53:16.102342770,92.5,92.5,92.45,0.0
131,BE0003851681,328336,AED,EUR,XBRU,92.45,CONTINUOUS_TRADING,6,1,XBRU,2022-09-02 09:54:04.179,2022-09-02 09:53:56.565741834,92.45,92.6,92.45,92.6,2022-09-02 09:53:56.565741834,92.4,92.6,2022-09-02 09:54:04.214324591,92.525,92.525,92.5,0.0
130,BE0003851681,328336,AED,EUR,XBRU,92.45,CONTINUOUS_TRADING,7,1,XBRU,2022-09-02 09:54:04.179,2022-09-02 09:53:56.565741834,92.45,92.6,92.45,92.6,2022-09-02 09:53:56.565741834,92.4,92.6,2022-09-02 09:54:04.214324591,92.525,92.525,92.5,0.0
132,BE0003851681,328336,AED,EUR,XBRU,92.5,CONTINUOUS_TRADING,11,1,XBRU,2022-09-02 09:56:02.300,2022-09-02 09:55:56.603921584,92.5,92.6,92.5,92.6,2022-09-02 09:55:56.603921584,92.45,92.6,2022-09-02 09:56:02.322793105,92.55,92.55,92.525,0.0
1202,BE0003593044,324084,COFB,EUR,XBRU,99.4,CONTINUOUS_TRADING,13,1,XBRU,2022-09-02 09:56:17.060,2022-09-02 09:56:02.892347085,99.4,99.5,99.4,99.5,2022-09-02 09:56:02.892347085,99.35,99.5,2022-09-02 09:56:17.513030781,99.45,99.45,99.425,0.0
133,BE0003851681,328336,AED,EUR,XBRU,92.6,CONTINUOUS_TRADING,11,1,XBRU,2022-09-02 09:58:54.903,2022-09-02 09:58:29.859497943,92.6,92.65,92.6,92.65,2022-09-02 09:58:29.859497943,92.5,92.55,2022-09-02 09:58:55.844661743,92.625,92.625,92.525,0.0
134,BE0003851681,328336,AED,EUR,XBRU,92.55,CONTINUOUS_TRADING,1,1,XBRU,2022-09-02 10:02:57.299,2022-09-02 10:02:57.271840963,92.55,92.65,92.55,92.65,2022-09-02 10:02:51.646219045,92.55,92.65,2022-09-02 10:02:57.333028980,92.6,92.6,92.6,0.0
135,BE0003851681,328336,AED,EUR,XBRU,92.65,CONTINUOUS_TRADING,3,1,XBRU,2022-09-02 10:05:11.634,2022-09-02 10:05:10.552808017,92.65,92.7,92.65,92.7,2022-09-02 10:05:10.552808017,92.55,92.7,2022-09-02 10:05:11.768130527,92.67500000000001,92.67500000000001,92.625,0.0
136,BE0003851681,328336,AED,EUR,XBRU,92.65,CONTINUOUS_TRADING,14,1,XBRU,2022-09-02 10:05:11.634,2022-09-02 10:05:10.552808017,92.65,92.7,92.65,92.7,2022-09-02 10:05:10.552808017,92.55,92.7,2022-09-02 10:05:11.768130527,92.67500000000001,92.67500000000001,92.625,0.0
1203,BE0003593044,324084,COFB,EUR,XBRU,99.4,CONTINUOUS_TRADING,13,1,XBRU,2022-09-02 10:07:16.095,2022-09-02 10:07:16.083036924,99.4,99.45,99.4,99.55,2022-09-02 10:06:33.962363309,99.2,99.4,2022-09-02 10:07:16.250271430,99.42500000000001,99.475,99.30000000000001,0.0
137,BE0003851681,328336,AED,EUR,XBRU,92.5,CONTINUOUS_TRADING,11,1,XBRU,2022-09-02 10:07:53.177,2022-09-02 10:07:42.884097505,92.5,92.6,92.5,92.6,2022-09-02 10:07:42.884097505,92.35,92.5,2022-09-02 10:07:53.251063648,92.55,92.55,92.425,0.0
1204,BE0003593044,324084,COFB,EUR,XBRU,99.2,CONTINUOUS_TRADING,11,1,XBRU,2022-09-02 10:13:18.158,2022-09-02 10:12:44.106138009,99.2,99.35,99.2,99.35,2022-09-02 10:12:44.106138009,99.15,99.35,2022-09-02 10:13:18.517176664,99.275,99.275,99.25,0.0
1205,BE0003593044,324084,COFB,EUR,XBRU,99.2,CONTINUOUS_TRADING,11,1,XBRU,2022-09-02 10:19:32.765,2022-09-02 10:19:32.653217636,99.2,99.35,99.2,99.35,2022-09-02 10:19:19.105305438,99.15,99.3,2022-09-02 10:19:32.851757252,99.275,99.275,99.225,0.0
138,BE0003851681,328336,AED,EUR,XBRU,93.05,CONTINUOUS_TRADING,11,1,XBRU,2022-09-02 10:19:50.953,2022-09-02 10:19:50.912507140,92.95,93.1,93.05,93.2,2022-09-02 10:19:48.449128639,92.95,93.1,2022-09-02 10:19:51.369045404,93.025,93.125,93.025,0.6666666666666666
139,BE0003851681,328336,AED,EUR,XBRU,93.05,CONTINUOUS_TRADING,12,1,XBRU,2022-09-02 10:19:50.960,2022-09-02 10:19:50.953949031,93.05,93.1,93.05,93.2,2022-09-02 10:19:48.449128639,92.95,93.1,2022-09-02 10:19:51.369045404,93.07499999999999,93.125,93.025,0.0
140,BE0003851681,328336,AED,EUR,XBRU,93.05,CONTINUOUS_TRADING,3,1,XBRU,2022-09-02 10:23:32.157,2022-09-02 10:23:21.764594399,93.05,93.2,93.05,93.2,2022-09-02 10:23:21.764594399,92.95,93.15,2022-09-02 10:23:32.246008416,93.125,93.125,93.05000000000001,0.0
141,BE0003851681,328336,AED,EUR,XBRU,93.05,CONTINUOUS_TRADING,11,1,XBRU,2022-09-02 10:23:32.157,2022-09-02 10:23:21.764594399,93.05,93.2,93.05,93.2,2022-09-02 10:23:21.764594399,92.95,93.15,2022-09-02 10:23:32.246008416,93.125,93.125,93.05000000000001,0.0
142,BE0003851681,328336,AED,EUR,XBRU,92.85,CONTINUOUS_TRADING,11,1,XBRU,2022-09-02 10:27:23.429,2022-09-02 10:26:25.032294172,92.85,93.0,92.85,93.0,2022-09-02 10:26:25.032294172,92.8,92.95,2022-09-02 10:27:23.742482612,92.925,92.925,92.875,0.0
143,BE0003851681,328336,AED,EUR,XBRU,92.75,CONTINUOUS_TRADING,11,1,XBRU,2022-09-02 10:31:42.843,2022-09-02 10:31:35.835619571,92.75,92.8,92.75,92.8,2022-09-02 10:31:35.835619571,92.6,92.8,2022-09-02 10:31:42.956787344,92.775,92.775,92.69999999999999,0.0
1206,BE0003593044,324084,COFB,EUR,XBRU,99.25,CONTINUOUS_TRADING,11,1,XBRU,2022-09-02 10:32:07.754,2022-09-02 10:32:07.715022613,99.25,99.3,99.15,99.3,2022-09-02 10:32:01.443320738,99.15,99.3,2022-09-02 10:32:07.848023460,99.275,99.225,99.225,0.0
144,BE0003851681,328336,AED,EUR,XBRU,92.75,CONTINUOUS_TRADING,1,1,XBRU,2022-09-02 10:36:57.656,2022-09-02 10:36:56.617391929,92.75,92.9,92.75,92.9,2022-09-02 10:36:56.617391929,92.75,92.9,2022-09-02 10:36:58.249985737,92.825,92.825,92.825,0.0
145,BE0003851681,328336,AED,EUR,XBRU,92.75,CONTINUOUS_TRADING,1,1,XBRU,2022-09-02 10:37:53.959,2022-09-02 10:37:35.544660407,92.75,92.9,92.75,92.9,2022-09-02 10:37:35.544660407,92.75,92.9,2022-09-02 10:37:53.961139159,92.825,92.825,92.825,0.0
146,BE0003851681,328336,AED,EUR,XBRU,92.75,CONTINUOUS_TRADING,1,1,XBRU,2022-09-02 10:37:53.961,2022-09-02 10:37:53.959985952,92.75,92.9,92.75,92.9,2022-09-02 10:37:35.544660407,92.75,92.9,2022-09-02 10:37:53.961139159,92.825,92.825,92.825,0.0
148,BE0003851681,328336,AED,EUR,XBRU,92.75,CONTINUOUS_TRADING,2,1,XBRU,2022-09-02 10:38:55.342,2022-09-02 10:38:53.419219297,92.75,92.9,92.75,92.9,2022-09-02 10:38:53.419219297,92.75,92.9,2022-09-02 10:38:55.355623963,92.825,92.825,92.825,0.0
147,BE0003851681,328336,AED,EUR,XBRU,92.75,CONTINUOUS_TRADING,1,1,XBRU,2022-09-02 10:38:55.342,2022-09-02 10:38:53.419219297,92.75,92.9,92.75,92.9,2022-09-02 10:38:53.419219297,92.75,92.9,2022-09-02 10:38:55.355623963,92.825,92.825,92.825,0.0
149,BE0003851681,328336,AED,EUR,XBRU,92.9,CONTINUOUS_TRADING,1,1,XBRU,2022-09-02 10:41:25.352,2022-09-02 10:41:19.121744122,92.9,93.0,92.9,93.0,2022-09-02 10:41:19.121744122,92.9,93.0,2022-09-02 10:41:25.352889973,92.95,92.95,92.95,0.0
150,BE0003851681,328336,AED,EUR,XBRU,92.9,CONTINUOUS_TRADING,15,1,XBRU,2022-09-02 10:42:08.750,2022-09-02 10:42:02.325793208,92.9,93.0,92.9,93.0,2022-09-02 10:42:02.325793208,92.85,92.95,2022-09-02 10:42:08.813279602,92.95,92.95,92.9,0.0
151,BE0003851681,328336,AED,EUR,XBRU,92.9,CONTINUOUS_TRADING,1,1,XBRU,2022-09-02 10:42:08.769,2022-09-02 10:42:08.750366938,92.9,93.0,92.9,93.0,2022-09-02 10:42:02.325793208,92.85,92.95,2022-09-02 10:42:08.813279602,92.95,92.95,92.9,0.0
152,BE0003851681,328336,AED,EUR,XBRU,92.85,CONTINUOUS_TRADING,3,1,XBRU,2022-09-02 10:43:43.520,2022-09-02 10:43:43.321003149,92.85,92.95,92.85,92.9,2022-09-02 10:43:36.333899849,92.85,92.95,2022-09-02 10:43:43.520847726,92.9,92.875,92.9,0.0
153,BE0003851681,328336,AED,EUR,XBRU,92.85,CONTINUOUS_TRADING,1,1,XBRU,2022-09-02 10:43:55.870,2022-09-02 10:43:43.520847726,92.85,92.95,92.85,92.95,2022-09-02 10:43:43.520847726,92.85,92.95,2022-09-02 10:43:56.507943741,92.9,92.9,92.9,0.0
154,BE0003851681,328336,AED,EUR,XBRU,92.85,CONTINUOUS_TRADING,1,1,XBRU,2022-09-02 10:43:55.871,2022-09-02 10:43:55.870288197,92.85,92.95,92.85,92.95,2022-09-02 10:43:43.520847726,92.85,92.95,2022-09-02 10:43:56.507943741,92.9,92.9,92.9,0.0
155,BE0003851681,328336,AED,EUR,XBRU,92.85,CONTINUOUS_TRADING,6,1,XBRU,2022-09-02 10:44:20.918,2022-09-02 10:44:11.695984827,92.85,92.95,92.85,92.95,2022-09-02 10:44:11.695984827,92.8,92.85,2022-09-02 10:44:20.939998722,92.9,92.9,92.82499999999999,0.0
1207,BE0003593044,324084,COFB,EUR,XBRU,99.35,CONTINUOUS_TRADING,16,1,XBRU,2022-09-02 10:44:21.543,2022-09-02 10:44:11.444087515,99.35,99.45,99.35,99.45,2022-09-02 10:44:11.444087515,99.2,99.35,2022-09-02 10:44:21.807010951,99.4,99.4,99.275,0.0
156,BE0003851681,328336,AED,EUR,XBRU,92.85,CONTINUOUS_TRADING,14,1,XBRU,2022-09-02 10:46:27.716,2022-09-02 10:46:27.032043717,92.85,92.95,92.85,92.95,2022-09-02 10:45:36.759685828,92.8,92.95,2022-09-02 10:46:27.720027205,92.9,92.9,92.875,0.0
157,BE0003851681,328336,AED,EUR,XBRU,92.65,CONTINUOUS_TRADING,11,1,XBRU,2022-09-02 10:50:19.266,2022-09-02 10:50:13.114774503,92.65,92.75,92.65,92.75,2022-09-02 10:50:13.114774503,92.55,92.65,2022-09-02 10:50:19.338086448,92.7,92.7,92.6,0.0
158,BE0003851681,328336,AED,EUR,XBRU,92.65,CONTINUOUS_TRADING,1,1,XBRU,2022-09-02 10:53:56.716,2022-09-02 10:53:54.645046161,92.65,92.75,92.65,92.75,2022-09-02 10:53:54.645046161,92.65,92.75,2022-09-02 10:53:56.764275258,92.7,92.7,92.7,0.0
159,BE0003851681,328336,AED,EUR,XBRU,92.65,CONTINUOUS_TRADING,1,1,XBRU,2022-09-02 10:53:56.717,2022-09-02 10:53:56.716181050,92.65,92.75,92.65,92.75,2022-09-02 10:53:54.645046161,92.65,92.75,2022-09-02 10:53:56.764275258,92.7,92.7,92.7,0.0
160,BE0003851681,328336,AED,EUR,XBRU,92.65,CONTINUOUS_TRADING,11,1,XBRU,2022-09-02 10:56:42.385,2022-09-02 10:56:41.978141818,92.65,92.7,92.65,92.7,2022-09-02 10:56:36.854810621,92.65,92.7,2022-09-02 10:56:42.385404329,92.67500000000001,92.67500000000001,92.67500000000001,0.0
161,BE0003851681,328336,AED,EUR,XBRU,92.65,CONTINUOUS_TRADING,1,1,XBRU,2022-09-02 10:56:56.667,2022-09-02 10:56:42.385404329,92.65,92.7,92.65,92.7,2022-09-02 10:56:42.385404329,92.65,92.7,2022-09-02 10:56:56.715795237,92.67500000000001,92.67500000000001,92.67500000000001,0.0
162,BE0003851681,328336,AED,EUR,XBRU,92.85,CONTINUOUS_TRADING,15,1,XBRU,2022-09-02 11:00:58.132,2022-09-02 11:00:52.004977127,92.85,93.0,92.85,93.0,2022-09-02 11:00:52.004977127,92.75,92.9,2022-09-02 11:00:58.240792614,92.925,92.925,92.825,0.0
1208,BE0003593044,324084,COFB,EUR,XBRU,99.3,CONTINUOUS_TRADING,13,1,XBRU,2022-09-02 11:03:06.766,2022-09-02 11:02:13.900136996,99.25,99.35,99.25,99.35,2022-09-02 11:02:13.900136996,99.25,99.35,2022-09-02 11:03:06.766755985,99.3,99.3,99.3,0.5
163,BE0003851681,328336,AED,EUR,XBRU,92.8,CONTINUOUS_TRADING,11,1,XBRU,2022-09-02 11:05:15.776,2022-09-02 11:05:08.035723030,92.8,92.9,92.8,92.9,2022-09-02 11:05:08.035723030,92.7,92.85,2022-09-02 11:05:16.724512666,92.85,92.85,92.775,0.0
164,BE0003851681,328336,AED,EUR,XBRU,92.8,CONTINUOUS_TRADING,18,1,XBRU,2022-09-02 11:11:44.382,2022-09-02 11:11:44.361908584,92.8,92.85,92.8,92.9,2022-09-02 11:11:37.185615796,92.6,92.75,2022-09-02 11:11:45.330249556,92.82499999999999,92.85,92.675,0.0
1209,BE0003593044,324084,COFB,EUR,XBRU,99.25,CONTINUOUS_TRADING,14,1,XBRU,2022-09-02 11:17:38.239,2022-09-02 11:17:36.965910493,99.25,99.35,99.25,99.35,2022-09-02 11:17:36.965910493,99.15,99.3,2022-09-02 11:17:38.863496428,99.3,99.3,99.225,0.0
165,BE0003851681,328336,AED,EUR,XBRU,92.75,CONTINUOUS_TRADING,16,1,XBRU,2022-09-02 11:20:53.921,2022-09-02 11:20:53.909726795,92.75,92.85,92.75,92.85,2022-09-02 11:20:20.814324949,92.65,92.8,2022-09-02 11:20:54.010277370,92.8,92.8,92.725,0.0
1318,BE0974409410,378534881,HOMI,EUR,XBRU,25.4,CONTINUOUS_TRADING,-250,2,XBRU,2022-09-02 11:24:24.281,2022-09-02 11:24:24.279403504,25.34,25.4,25.245,25.34,2022-09-02 11:24:12.287620027,25.395,25.4,2022-09-02 11:24:24.319606813,25.369999999999997,25.2925,25.3975,0.0
1319,BE0974409410,378534881,HOMI,EUR,XBRU,25.4,CONTINUOUS_TRADING,-26,2,XBRU,2022-09-02 11:24:24.302,2022-09-02 11:24:24.301832998,25.39,25.4,25.245,25.34,2022-09-02 11:24:12.287620027,25.395,25.4,2022-09-02 11:24:24.319606813,25.395,25.2925,25.3975,0.0
1320,BE0974409410,378534881,HOMI,EUR,XBRU,25.4,CONTINUOUS_TRADING,-71,2,XBRU,2022-09-02 11:24:24.302,2022-09-02 11:24:24.301832998,25.39,25.4,25.245,25.34,2022-09-02 11:24:12.287620027,25.395,25.4,2022-09-02 11:24:24.319606813,25.395,25.2925,25.3975,0.0
1322,BE0974409410,378534881,HOMI,EUR,XBRU,25.4,CONTINUOUS_TRADING,-97,2,XBRU,2022-09-02 11:24:24.303,2022-09-02 11:24:24.302990942,25.395,25.4,25.245,25.34,2022-09-02 11:24:12.287620027,25.395,25.4,2022-09-02 11:24:24.319606813,25.3975,25.2925,25.3975,0.0
1321,BE0974409410,378534881,HOMI,EUR,XBRU,25.4,CONTINUOUS_TRADING,-153,2,XBRU,2022-09-02 11:24:24.303,2022-09-02 11:24:24.302990942,25.395,25.4,25.245,25.34,2022-09-02 11:24:12.287620027,25.395,25.4,2022-09-02 11:24:24.319606813,25.3975,25.2925,25.3975,0.0
1323,BE0974409410,378534881,HOMI,EUR,XBRU,25.4,CONTINUOUS_TRADING,-250,2,XBRU,2022-09-02 11:24:33.412,2022-09-02 11:24:27.361335237,25.395,25.4,25.395,25.4,2022-09-02 11:24:27.361335237,25.395,25.4,2022-09-02 11:24:33.412811928,25.3975,25.3975,25.3975,0.0
1324,BE0974409410,378534881,HOMI,EUR,XBRU,25.4,CONTINUOUS_TRADING,-250,2,XBRU,2022-09-02 11:24:33.412,2022-09-02 11:24:27.361335237,25.395,25.4,25.395,25.4,2022-09-02 11:24:27.361335237,25.395,25.4,2022-09-02 11:24:33.412811928,25.3975,25.3975,25.3975,0.0
166,BE0003851681,328336,AED,EUR,XBRU,92.6,CONTINUOUS_TRADING,11,1,XBRU,2022-09-02 11:26:48.744,2022-09-02 11:26:48.732617116,92.6,92.65,92.6,92.7,2022-09-02 11:26:45.711979059,92.5,92.65,2022-09-02 11:26:48.833209051,92.625,92.65,92.575,0.0
1210,BE0003593044,324084,COFB,EUR,XBRU,99.2,CONTINUOUS_TRADING,14,1,XBRU,2022-09-02 11:33:16.821,2022-09-02 11:33:15.741009507,99.2,99.25,99.2,99.25,2022-09-02 11:33:15.741009507,99.1,99.2,2022-09-02 11:33:17.521804675,99.225,99.225,99.15,0.0
1325,BE0974409410,378534881,HOMI,EUR,XBRU,25.4,CONTINUOUS_TRADING,-73,2,XBRU,2022-09-02 11:38:23.183,2022-09-02 11:37:34.533920017,25.33,25.4,25.33,25.4,2022-09-02 11:37:34.533920017,25.335,25.4,2022-09-02 11:38:23.361032956,25.365,25.365,25.3675,0.0
167,BE0003851681,328336,AED,EUR,XBRU,92.75,CONTINUOUS_TRADING,25,1,XBRU,2022-09-02 11:38:42.547,2022-09-02 11:37:52.466400432,92.75,92.85,92.75,92.85,2022-09-02 11:37:52.466400432,92.55,92.75,2022-09-02 11:38:42.775103444,92.8,92.8,92.65,0.0
168,BE0003851681,328336,AED,EUR,XBRU,92.8,CONTINUOUS_TRADING,12,1,XBRU,2022-09-02 11:40:40.721,2022-09-02 11:40:40.719956852,92.8,92.9,92.8,92.9,2022-09-02 11:40:39.187356884,92.65,92.85,2022-09-02 11:40:41.540680432,92.85,92.85,92.75,0.0
169,BE0003851681,328336,AED,EUR,XBRU,92.75,CONTINUOUS_TRADING,11,1,XBRU,2022-09-02 11:43:19.849,2022-09-02 11:43:19.840338745,92.65,92.75,92.7,92.9,2022-09-02 11:42:55.876796932,92.65,92.8,2022-09-02 11:43:20.385067248,92.7,92.80000000000001,92.725,1.0
1327,BE0974409410,378534881,HOMI,EUR,XBRU,25.4,CONTINUOUS_TRADING,-73,2,XBRU,2022-09-02 11:45:28.861,2022-09-02 11:44:52.858964390,25.335,25.4,25.335,25.4,2022-09-02 11:44:52.858964390,25.355,25.4,2022-09-02 11:45:29.676970806,25.3675,25.3675,25.377499999999998,0.0
1326,BE0974409410,378534881,HOMI,EUR,XBRU,25.4,CONTINUOUS_TRADING,-177,2,XBRU,2022-09-02 11:45:28.861,2022-09-02 11:44:52.858964390,25.335,25.4,25.335,25.4,2022-09-02 11:44:52.858964390,25.355,25.4,2022-09-02 11:45:29.676970806,25.3675,25.3675,25.377499999999998,0.0
1328,BE0974409410,378534881,HOMI,EUR,XBRU,25.4,CONTINUOUS_TRADING,-49,2,XBRU,2022-09-02 11:45:31.459,2022-09-02 11:45:29.676970806,25.355,25.4,25.355,25.4,2022-09-02 11:45:29.676970806,25.38,25.465,2022-09-02 11:45:31.700755145,25.377499999999998,25.377499999999998,25.4225,0.0
170,BE0003851681,328336,AED,EUR,XBRU,92.8,CONTINUOUS_TRADING,5,1,XBRU,2022-09-02 11:49:20.158,2022-09-02 11:49:17.330407933,92.8,92.95,92.8,92.95,2022-09-02 11:49:17.330407933,92.75,92.9,2022-09-02 11:49:20.175650079,92.875,92.875,92.825,0.0
171,BE0003851681,328336,AED,EUR,XBRU,92.8,CONTINUOUS_TRADING,16,1,XBRU,2022-09-02 11:49:20.159,2022-09-02 11:49:20.158553361,92.8,92.95,92.8,92.95,2022-09-02 11:49:17.330407933,92.75,92.9,2022-09-02 11:49:20.175650079,92.875,92.875,92.825,0.0
1211,BE0003593044,324084,COFB,EUR,XBRU,99.4,CONTINUOUS_TRADING,17,1,XBRU,2022-09-02 11:52:02.293,2022-09-02 11:51:53.180306184,99.4,99.45,99.4,99.45,2022-09-02 11:51:53.180306184,99.3,99.45,2022-09-02 11:52:02.293534356,99.42500000000001,99.42500000000001,99.375,0.0
172,BE0003851681,328336,AED,EUR,XBRU,92.9,CONTINUOUS_TRADING,28,1,XBRU,2022-09-02 11:57:46.488,2022-09-02 11:57:40.647581002,92.9,93.0,92.9,93.0,2022-09-02 11:57:40.647581002,92.85,93.0,2022-09-02 11:57:46.537235246,92.95,92.95,92.925,0.0
1212,BE0003593044,324084,COFB,EUR,XBRU,99.5,CONTINUOUS_TRADING,17,1,XBRU,2022-09-02 12:09:44.994,2022-09-02 12:09:44.427975651,99.5,99.65,99.5,99.65,2022-09-02 12:09:43.589517485,99.4,99.55,2022-09-02 12:09:45.604604760,99.575,99.575,99.475,0.0
173,BE0003851681,328336,AED,EUR,XBRU,92.95,CONTINUOUS_TRADING,32,1,XBRU,2022-09-02 12:10:10.532,2022-09-02 12:10:10.481231599,92.95,93.05,92.95,93.05,2022-09-02 12:10:02.395692666,92.8,92.95,2022-09-02 12:10:11.116709673,93.0,93.0,92.875,0.0
174,BE0003851681,328336,AED,EUR,XBRU,93.05,CONTINUOUS_TRADING,19,1,XBRU,2022-09-02 12:16:51.645,2022-09-02 12:16:51.626311979,93.05,93.15,93.05,93.15,2022-09-02 12:16:50.553425477,93.0,93.1,2022-09-02 12:16:51.662203493,93.1,93.1,93.05,0.0
175,BE0003851681,328336,AED,EUR,XBRU,92.95,CONTINUOUS_TRADING,23,1,XBRU,2022-09-02 12:29:30.703,2022-09-02 12:29:30.493394700,92.95,93.05,92.95,93.05,2022-09-02 12:28:56.436771025,92.9,93.0,2022-09-02 12:29:31.647943677,93.0,93.0,92.95,0.0
1213,BE0003593044,324084,COFB,EUR,XBRU,99.6,CONTINUOUS_TRADING,18,1,XBRU,2022-09-02 12:30:02.427,2022-09-02 12:30:02.316692377,99.6,99.7,99.6,99.7,2022-09-02 12:30:01.276166437,99.55,99.7,2022-09-02 12:30:02.427145630,99.65,99.65,99.625,0.0
176,BE0003851681,328336,AED,EUR,XBRU,92.95,CONTINUOUS_TRADING,11,1,XBRU,2022-09-02 12:30:22.589,2022-09-02 12:30:20.848522536,92.8,93.05,92.8,93.05,2022-09-02 12:30:20.848522536,92.8,92.95,2022-09-02 12:30:23.206258806,92.925,92.925,92.875,0.6000000000000227
177,BE0003851681,328336,AED,EUR,XBRU,93.25,CONTINUOUS_TRADING,11,1,XBRU,2022-09-02 12:31:27.428,2022-09-02 12:31:24.320490156,93.25,93.35,93.25,93.35,2022-09-02 12:31:24.320490156,93.15,93.25,2022-09-02 12:31:27.449997270,93.3,93.3,93.2,0.0
179,BE0003851681,328336,AED,EUR,XBRU,93.4,CONTINUOUS_TRADING,2,1,XBRU,2022-09-02 12:35:48.192,2022-09-02 12:35:48.191951809,93.4,93.5,93.4,93.5,2022-09-02 12:35:35.947746521,93.3,93.4,2022-09-02 12:35:48.208338613,93.45,93.45,93.35,0.0
178,BE0003851681,328336,AED,EUR,XBRU,93.4,CONTINUOUS_TRADING,22,1,XBRU,2022-09-02 12:35:48.192,2022-09-02 12:35:48.191951809,93.4,93.5,93.4,93.5,2022-09-02 12:35:35.947746521,93.3,93.4,2022-09-02 12:35:48.208338613,93.45,93.45,93.35,0.0
1215,BE0003593044,324084,COFB,EUR,XBRU,100.4,CONTINUOUS_TRADING,12,1,XBRU,2022-09-02 12:36:33.265,2022-09-02 12:36:33.264982834,100.4,100.5,100.4,100.5,2022-09-02 12:36:27.041190236,100.2,100.5,2022-09-02 12:36:33.486718966,100.45,100.45,100.35,0.0
1214,BE0003593044,324084,COFB,EUR,XBRU,100.4,CONTINUOUS_TRADING,9,1,XBRU,2022-09-02 12:36:33.265,2022-09-02 12:36:33.264982834,100.4,100.5,100.4,100.5,2022-09-02 12:36:27.041190236,100.2,100.5,2022-09-02 12:36:33.486718966,100.45,100.45,100.35,0.0
180,BE0003851681,328336,AED,EUR,XBRU,93.35,CONTINUOUS_TRADING,1,1,XBRU,2022-09-02 12:37:02.817,2022-09-02 12:37:02.624109896,93.35,93.4,93.25,93.35,2022-09-02 12:36:42.621740315,93.35,93.4,2022-09-02 12:37:02.817086706,93.375,93.3,93.375,0.0
181,BE0003851681,328336,AED,EUR,XBRU,93.35,CONTINUOUS_TRADING,14,1,XBRU,2022-09-02 12:37:11.250,2022-09-02 12:37:07.626344676,93.35,93.4,93.35,93.4,2022-09-02 12:37:07.626344676,93.3,93.4,2022-09-02 12:37:11.831601089,93.375,93.375,93.35,0.0
182,BE0003851681,328336,AED,EUR,XBRU,93.45,CONTINUOUS_TRADING,21,1,XBRU,2022-09-02 12:39:54.317,2022-09-02 12:39:53.966468327,93.45,93.55,93.45,93.6,2022-09-02 12:39:48.650361845,93.35,93.5,2022-09-02 12:39:54.590867099,93.5,93.525,93.425,0.0
1216,BE0003593044,324084,COFB,EUR,XBRU,100.5,CONTINUOUS_TRADING,11,1,XBRU,2022-09-02 12:41:07.586,2022-09-02 12:40:57.501519700,100.5,100.6,100.5,100.6,2022-09-02 12:40:57.501519700,100.4,100.5,2022-09-02 12:41:08.521457848,100.55,100.55,100.45,0.0
183,BE0003851681,328336,AED,EUR,XBRU,93.35,CONTINUOUS_TRADING,5,1,XBRU,2022-09-02 12:41:08.420,2022-09-02 12:41:07.361647685,93.35,93.4,93.35,93.4,2022-09-02 12:41:07.361647685,93.25,93.4,2022-09-02 12:41:09.032496330,93.375,93.375,93.325,0.0
184,BE0003851681,328336,AED,EUR,XBRU,93.35,CONTINUOUS_TRADING,6,1,XBRU,2022-09-02 12:41:09.032,2022-09-02 12:41:09.015728404,93.35,93.4,93.35,93.4,2022-09-02 12:41:07.361647685,93.25,93.4,2022-09-02 12:41:09.032496330,93.375,93.375,93.325,0.0
185,BE0003851681,328336,AED,EUR,XBRU,93.3,CONTINUOUS_TRADING,22,1,XBRU,2022-09-02 12:42:51.445,2022-09-02 12:42:38.874138815,93.3,93.35,93.3,93.35,2022-09-02 12:42:38.874138815,93.15,93.3,2022-09-02 12:42:51.706460245,93.32499999999999,93.32499999999999,93.225,0.0
186,BE0003851681,328336,AED,EUR,XBRU,93.25,CONTINUOUS_TRADING,11,1,XBRU,2022-09-02 12:43:32.862,2022-09-02 12:43:17.668756101,93.25,93.3,93.25,93.3,2022-09-02 12:43:17.668756101,93.15,93.25,2022-09-02 12:43:32.910704582,93.275,93.275,93.2,0.0
187,BE0003851681,328336,AED,EUR,XBRU,93.1,CONTINUOUS_TRADING,11,1,XBRU,2022-09-02 12:44:42.141,2022-09-02 12:44:35.781601466,93.1,93.25,93.1,93.25,2022-09-02 12:44:35.781601466,93.0,93.2,2022-09-02 12:44:42.317443460,93.175,93.175,93.1,0.0
1217,BE0003593044,324084,COFB,EUR,XBRU,100.0,CONTINUOUS_TRADING,11,1,XBRU,2022-09-02 12:47:01.613,2022-09-02 12:47:01.595106546,100.0,100.2,100.0,100.2,2022-09-02 12:46:48.532565304,99.9,100.0,2022-09-02 12:47:02.101418182,100.1,100.1,99.95,0.0
188,BE0003851681,328336,AED,EUR,XBRU,93.1,CONTINUOUS_TRADING,10,1,XBRU,2022-09-02 12:47:05.325,2022-09-02 12:46:58.065336427,93.1,93.15,93.1,93.15,2022-09-02 12:46:58.065336427,93.0,93.15,2022-09-02 12:47:05.355033742,93.125,93.125,93.075,0.0
189,BE0003851681,328336,AED,EUR,XBRU,93.1,CONTINUOUS_TRADING,12,1,XBRU,2022-09-02 12:47:05.325,2022-09-02 12:46:58.065336427,93.1,93.15,93.1,93.15,2022-09-02 12:46:58.065336427,93.0,93.15,2022-09-02 12:47:05.355033742,93.125,93.125,93.075,0.0
190,BE0003851681,328336,AED,EUR,XBRU,93.2,CONTINUOUS_TRADING,23,1,XBRU,2022-09-02 12:51:31.488,2022-09-02 12:51:08.192226649,93.2,93.3,93.2,93.3,2022-09-02 12:51:08.192226649,93.05,93.25,2022-09-02 12:51:31.531623404,93.25,93.25,93.15,0.0
191,BE0003851681,328336,AED,EUR,XBRU,93.2,CONTINUOUS_TRADING,16,1,XBRU,2022-09-02 12:54:33.297,2022-09-02 12:54:32.123041207,93.2,93.25,93.2,93.25,2022-09-02 12:54:32.123041207,93.1,93.25,2022-09-02 12:54:33.423034266,93.225,93.225,93.175,0.0
3615,BE0003565737,324078,KBC,EUR,XBRU,48.02,CONTINUOUS_TRADING,-38,2,XBRU,2022-09-02 12:54:37.526,2022-09-02 12:54:33.918956220,48.01,48.02,48.01,48.02,2022-09-02 12:54:33.918956220,48.02,48.04,2022-09-02 12:54:38.456630169,48.015,48.015,48.03,0.0
3617,BE0003565737,324078,KBC,EUR,XBRU,47.99,CONTINUOUS_TRADING,-84,2,XBRU,2022-09-02 12:54:44.753,2022-09-02 12:54:44.704873941,47.99,48.01,48.01,48.03,2022-09-02 12:54:42.904210494,47.99,48.01,2022-09-02 12:54:45.503070859,48.0,48.019999999999996,48.0,1.0
3616,BE0003565737,324078,KBC,EUR,XBRU,47.99,CONTINUOUS_TRADING,-30,2,XBRU,2022-09-02 12:54:44.753,2022-09-02 12:54:44.704873941,47.99,48.01,48.01,48.03,2022-09-02 12:54:42.904210494,47.99,48.01,2022-09-02 12:54:45.503070859,48.0,48.019999999999996,48.0,1.0
3618,BE0003565737,324078,KBC,EUR,XBRU,48.0,CONTINUOUS_TRADING,-92,2,XBRU,2022-09-02 12:55:07.325,2022-09-02 12:55:07.306260966,47.98,48.0,47.98,48.0,2022-09-02 12:55:06.219103703,48.0,48.03,2022-09-02 12:55:08.317497893,47.989999999999995,47.989999999999995,48.015,0.0
3619,BE0003565737,324078,KBC,EUR,XBRU,48.02,CONTINUOUS_TRADING,-41,2,XBRU,2022-09-02 12:55:23.630,2022-09-02 12:55:23.602619074,48.0,48.02,48.0,48.02,2022-09-02 12:55:21.536354798,48.02,48.04,2022-09-02 12:55:23.759868252,48.010000000000005,48.010000000000005,48.03,0.0
3591,BE0974320526,324168,UMI,EUR,XBRU,31.16,CONTINUOUS_TRADING,15,1,XBRU,2022-09-02 12:55:34.671,2022-09-02 12:55:33.743028740,31.14,31.16,31.14,31.16,2022-09-02 12:55:33.649261978,31.15,31.17,2022-09-02 12:55:34.802881275,31.15,31.15,31.16,1.0
3620,BE0003565737,324078,KBC,EUR,XBRU,48.03,CONTINUOUS_TRADING,-96,2,XBRU,2022-09-02 12:55:38.856,2022-09-02 12:55:27.534602603,48.02,48.03,48.02,48.03,2022-09-02 12:55:27.534602603,48.03,48.05,2022-09-02 12:55:39.036848744,48.025000000000006,48.025000000000006,48.04,0.0
3621,BE0003565737,324078,KBC,EUR,XBRU,48.01,CONTINUOUS_TRADING,-64,2,XBRU,2022-09-02 12:56:10.576,2022-09-02 12:56:07.222027030,47.99,48.01,47.99,48.01,2022-09-02 12:56:07.222027030,48.01,48.03,2022-09-02 12:56:10.957612957,48.0,48.0,48.019999999999996,0.0
3622,BE0003565737,324078,KBC,EUR,XBRU,48.02,CONTINUOUS_TRADING,-25,2,XBRU,2022-09-02 12:56:39.585,2022-09-02 12:56:39.580564745,48.01,48.02,47.99,48.02,2022-09-02 12:56:35.604284523,48.01,48.03,2022-09-02 12:56:39.800953643,48.015,48.005,48.019999999999996,0.0
192,BE0003851681,328336,AED,EUR,XBRU,93.15,CONTINUOUS_TRADING,18,1,XBRU,2022-09-02 12:57:49.902,2022-09-02 12:57:49.622363801,93.15,93.25,93.15,93.25,2022-09-02 12:57:47.741186089,93.0,93.15,2022-09-02 12:57:50.670219708,93.2,93.2,93.075,0.0
3623,BE0003565737,324078,KBC,EUR,XBRU,47.96,CONTINUOUS_TRADING,-65,2,XBRU,2022-09-02 12:58:28.709,2022-09-02 12:58:19.876627191,47.95,47.96,47.95,47.96,2022-09-02 12:58:19.876627191,47.98,47.99,2022-09-02 12:58:28.885514736,47.955,47.955,47.985,0.0
3624,BE0003565737,324078,KBC,EUR,XBRU,47.96,CONTINUOUS_TRADING,-4,2,XBRU,2022-09-02 12:58:28.709,2022-09-02 12:58:19.876627191,47.95,47.96,47.95,47.96,2022-09-02 12:58:19.876627191,47.98,47.99,2022-09-02 12:58:28.885514736,47.955,47.955,47.985,0.0
3625,BE0003565737,324078,KBC,EUR,XBRU,47.99,CONTINUOUS_TRADING,-38,2,XBRU,2022-09-02 12:59:06.385,2022-09-02 12:58:58.429051448,47.98,47.99,47.98,47.99,2022-09-02 12:58:58.429051448,47.99,48.0,2022-09-02 12:59:06.495337810,47.985,47.985,47.995000000000005,0.0
3626,BE0003565737,324078,KBC,EUR,XBRU,47.93,CONTINUOUS_TRADING,-41,2,XBRU,2022-09-02 13:00:49.549,2022-09-02 13:00:47.022699478,47.92,47.93,47.92,47.93,2022-09-02 13:00:47.022699478,47.95,47.97,2022-09-02 13:00:50.280978947,47.925,47.925,47.96,0.0
3627,BE0003565737,324078,KBC,EUR,XBRU,47.95,CONTINUOUS_TRADING,-29,2,XBRU,2022-09-02 13:01:18.274,2022-09-02 13:01:18.103171216,47.93,47.95,47.93,47.95,2022-09-02 13:01:05.256274320,47.95,47.97,2022-09-02 13:01:18.879317553,47.94,47.94,47.96,0.0
193,BE0003851681,328336,AED,EUR,XBRU,93.3,CONTINUOUS_TRADING,40,1,XBRU,2022-09-02 13:05:50.187,2022-09-02 13:05:50.172355864,93.3,93.35,93.3,93.45,2022-09-02 13:05:34.769645264,93.15,93.3,2022-09-02 13:05:51.110172830,93.32499999999999,93.375,93.225,0.0
1218,BE0003593044,324084,COFB,EUR,XBRU,100.1,CONTINUOUS_TRADING,16,1,XBRU,2022-09-02 13:05:50.920,2022-09-02 13:05:50.249838565,100.1,100.2,100.1,100.2,2022-09-02 13:05:49.861143247,100.0,100.1,2022-09-02 13:05:51.845363019,100.15,100.15,100.05,0.0
194,BE0003851681,328336,AED,EUR,XBRU,93.25,CONTINUOUS_TRADING,11,1,XBRU,2022-09-02 13:06:09.338,2022-09-02 13:06:05.197500427,93.25,93.35,93.25,93.35,2022-09-02 13:06:05.197500427,93.15,93.3,2022-09-02 13:06:09.631981995,93.3,93.3,93.225,0.0
1219,BE0003593044,324084,COFB,EUR,XBRU,100.2,CONTINUOUS_TRADING,12,1,XBRU,2022-09-02 13:09:24.093,2022-09-02 13:09:24.003174282,100.2,100.3,100.1,100.2,2022-09-02 13:08:38.647143874,100.1,100.3,2022-09-02 13:09:24.093909153,100.25,100.15,100.19999999999999,0.0
195,BE0003851681,328336,AED,EUR,XBRU,93.3,CONTINUOUS_TRADING,1,1,XBRU,2022-09-02 13:09:53.934,2022-09-02 13:09:24.474069254,93.3,93.4,93.3,93.4,2022-09-02 13:09:24.474069254,93.2,93.35,2022-09-02 13:09:54.124449973,93.35,93.35,93.275,0.0
196,BE0003851681,328336,AED,EUR,XBRU,93.3,CONTINUOUS_TRADING,3,1,XBRU,2022-09-02 13:09:53.935,2022-09-02 13:09:53.934510806,93.3,93.4,93.3,93.4,2022-09-02 13:09:24.474069254,93.2,93.35,2022-09-02 13:09:54.124449973,93.35,93.35,93.275,0.0
197,BE0003851681,328336,AED,EUR,XBRU,93.3,CONTINUOUS_TRADING,1,1,XBRU,2022-09-02 13:09:53.938,2022-09-02 13:09:53.935763853,93.3,93.4,93.3,93.4,2022-09-02 13:09:24.474069254,93.2,93.35,2022-09-02 13:09:54.124449973,93.35,93.35,93.275,0.0
198,BE0003851681,328336,AED,EUR,XBRU,93.3,CONTINUOUS_TRADING,12,1,XBRU,2022-09-02 13:09:53.989,2022-09-02 13:09:53.976050735,93.3,93.4,93.3,93.4,2022-09-02 13:09:24.474069254,93.2,93.35,2022-09-02 13:09:54.124449973,93.35,93.35,93.275,0.0
3592,BE0974320526,324168,UMI,EUR,XBRU,31.22,CONTINUOUS_TRADING,5,1,XBRU,2022-09-02 13:20:02.970,2022-09-02 13:20:02.812796908,31.19,31.22,31.19,31.22,2022-09-02 13:20:01.945149268,31.19,31.22,2022-09-02 13:20:03.230610783,31.205,31.205,31.205,1.0
199,BE0003851681,328336,AED,EUR,XBRU,93.7,CONTINUOUS_TRADING,23,1,XBRU,2022-09-02 13:20:47.219,2022-09-02 13:20:38.236104446,93.7,93.8,93.7,93.8,2022-09-02 13:20:38.236104446,93.5,93.65,2022-09-02 13:20:47.603593834,93.75,93.75,93.575,0.0
1220,BE0003593044,324084,COFB,EUR,XBRU,100.4,CONTINUOUS_TRADING,17,1,XBRU,2022-09-02 13:20:47.226,2022-09-02 13:20:41.701934398,100.4,100.5,100.4,100.5,2022-09-02 13:20:41.701934398,100.3,100.5,2022-09-02 13:20:47.701307943,100.45,100.45,100.4,0.0
200,BE0003851681,328336,AED,EUR,XBRU,93.8,CONTINUOUS_TRADING,18,1,XBRU,2022-09-02 13:25:29.134,2022-09-02 13:24:53.250392026,93.8,93.9,93.8,93.9,2022-09-02 13:24:53.250392026,93.75,93.85,2022-09-02 13:25:29.168662791,93.85,93.85,93.8,0.0
201,BE0003851681,328336,AED,EUR,XBRU,93.8,CONTINUOUS_TRADING,11,1,XBRU,2022-09-02 13:26:09.861,2022-09-02 13:26:04.956129433,93.8,93.9,93.8,93.9,2022-09-02 13:26:04.956129433,93.75,93.9,2022-09-02 13:26:09.861645127,93.85,93.85,93.825,0.0
3593,BE0974320526,324168,UMI,EUR,XBRU,31.27,CONTINUOUS_TRADING,5,1,XBRU,2022-09-02 13:27:40.998,2022-09-02 13:27:40.789030891,31.23,31.27,31.23,31.27,2022-09-02 13:27:38.253200007,31.24,31.27,2022-09-02 13:27:41.031162560,31.25,31.25,31.255,1.0
202,BE0003851681,328336,AED,EUR,XBRU,93.85,CONTINUOUS_TRADING,19,1,XBRU,2022-09-02 13:30:32.401,2022-09-02 13:30:32.400686116,93.85,93.95,93.85,93.95,2022-09-02 13:30:21.408451765,93.8,93.9,2022-09-02 13:30:32.408690120,93.9,93.9,93.85,0.0
203,BE0003851681,328336,AED,EUR,XBRU,93.8,CONTINUOUS_TRADING,11,1,XBRU,2022-09-02 13:30:43.977,2022-09-02 13:30:37.976578797,93.8,93.9,93.8,93.9,2022-09-02 13:30:37.976578797,93.75,93.85,2022-09-02 13:30:44.017102119,93.85,93.85,93.8,0.0
3594,BE0974320526,324168,UMI,EUR,XBRU,31.25,CONTINUOUS_TRADING,5,1,XBRU,2022-09-02 13:31:32.327,2022-09-02 13:31:31.548392306,31.24,31.25,31.24,31.27,2022-09-02 13:31:31.246481248,31.24,31.25,2022-09-02 13:31:32.327787634,31.244999999999997,31.255,31.244999999999997,1.0
204,BE0003851681,328336,AED,EUR,XBRU,93.8,CONTINUOUS_TRADING,21,1,XBRU,2022-09-02 13:33:42.498,2022-09-02 13:33:41.479459494,93.8,93.9,93.8,93.9,2022-09-02 13:33:41.479459494,93.75,93.85,2022-09-02 13:33:42.511453791,93.85,93.85,93.8,0.0
3595,BE0974320526,324168,UMI,EUR,XBRU,31.19,CONTINUOUS_TRADING,5,1,XBRU,2022-09-02 13:34:22.879,2022-09-02 13:34:22.829157983,31.17,31.19,31.17,31.19,2022-09-02 13:34:20.838561863,31.18,31.2,2022-09-02 13:34:23.878427702,31.18,31.18,31.189999999999998,1.0
205,BE0003851681,328336,AED,EUR,XBRU,93.9,CONTINUOUS_TRADING,14,1,XBRU,2022-09-02 13:34:28.692,2022-09-02 13:34:24.024597495,93.9,94.0,93.9,94.0,2022-09-02 13:34:24.024597495,93.85,93.95,2022-09-02 13:34:28.922943647,93.95,93.95,93.9,0.0
1221,BE0003593044,324084,COFB,EUR,XBRU,100.6,CONTINUOUS_TRADING,11,1,XBRU,2022-09-02 13:34:42.811,2022-09-02 13:34:42.701837442,100.6,100.7,100.6,100.8,2022-09-02 13:34:37.701182109,100.5,100.7,2022-09-02 13:34:43.302077121,100.65,100.69999999999999,100.6,0.0
206,BE0003851681,328336,AED,EUR,XBRU,93.85,CONTINUOUS_TRADING,13,1,XBRU,2022-09-02 13:35:44.275,2022-09-02 13:35:43.005511943,93.85,93.95,93.85,93.95,2022-09-02 13:35:43.005511943,93.8,93.85,2022-09-02 13:35:44.292769026,93.9,93.9,93.82499999999999,0.0
207,BE0003851681,328336,AED,EUR,XBRU,93.85,CONTINUOUS_TRADING,9,1,XBRU,2022-09-02 13:35:44.292,2022-09-02 13:35:44.289622778,93.85,93.9,93.85,93.95,2022-09-02 13:35:43.005511943,93.8,93.85,2022-09-02 13:35:44.292769026,93.875,93.9,93.82499999999999,0.0
4003,CH0012032048,323508,ROG,CHF,XSWX,315.45,CONTINUOUS_TRADING,-67,2,XSWX,2022-09-02 13:36:07.933,2022-09-02 13:36:07.004313000,315.45,315.55,315.45,315.55,2022-09-02 13:36:06.927521000,315.4,315.45,2022-09-02 13:36:08.291348000,315.5,315.5,315.42499999999995,1.0
4004,CH0012032048,323508,ROG,CHF,XSWX,315.4,CONTINUOUS_TRADING,-32,2,XSWX,2022-09-02 13:36:08.281,2022-09-02 13:36:08.053803000,315.4,315.45,315.45,315.55,2022-09-02 13:36:07.004313000,315.4,315.45,2022-09-02 13:36:09.137121000,315.42499999999995,315.5,315.42499999999995,1.0
4005,CH0012032048,323508,ROG,CHF,XSWX,315.4,CONTINUOUS_TRADING,-27,2,XSWX,2022-09-02 13:36:08.281,2022-09-02 13:36:08.053803000,315.4,315.45,315.45,315.55,2022-09-02 13:36:07.004313000,315.4,315.45,2022-09-02 13:36:09.137121000,315.42499999999995,315.5,315.42499999999995,1.0
3783,CH0038863350,323502,NESN,CHF,XSWX,113.44,CONTINUOUS_TRADING,-75,2,XSWX,2022-09-02 13:36:13.478,2022-09-02 13:36:13.300069000,113.44,113.46,113.44,113.48,2022-09-02 13:36:12.412786000,113.44,113.46,2022-09-02 13:36:14.443444000,113.44999999999999,113.46000000000001,113.44999999999999,1.0
3782,CH0038863350,323502,NESN,CHF,XSWX,113.44,CONTINUOUS_TRADING,-185,2,XSWX,2022-09-02 13:36:13.478,2022-09-02 13:36:13.300069000,113.44,113.46,113.44,113.48,2022-09-02 13:36:12.412786000,113.44,113.46,2022-09-02 13:36:14.443444000,113.44999999999999,113.46000000000001,113.44999999999999,1.0
3784,CH0038863350,323502,NESN,CHF,XSWX,113.44,CONTINUOUS_TRADING,-53,2,XSWX,2022-09-02 13:36:15.409,2022-09-02 13:36:15.395887000,113.44,113.48,113.44,113.46,2022-09-02 13:36:13.492018000,113.44,113.48,2022-09-02 13:36:16.223888000,113.46000000000001,113.44999999999999,113.46000000000001,1.0
3785,CH0038863350,323502,NESN,CHF,XSWX,113.44,CONTINUOUS_TRADING,-29,2,XSWX,2022-09-02 13:36:15.982,2022-09-02 13:36:15.921397000,113.44,113.46,113.44,113.46,2022-09-02 13:36:14.675578000,113.44,113.46,2022-09-02 13:36:16.937131000,113.44999999999999,113.44999999999999,113.44999999999999,1.0
3786,CH0038863350,323502,NESN,CHF,XSWX,113.36,CONTINUOUS_TRADING,-186,2,XSWX,2022-09-02 13:36:44.125,2022-09-02 13:36:43.881535000,113.36,113.38,113.38,113.4,2022-09-02 13:36:43.011041000,113.34,113.38,2022-09-02 13:36:45.107366000,113.37,113.39,113.36,1.0
3788,CH0038863350,323502,NESN,CHF,XSWX,113.36,CONTINUOUS_TRADING,-7,2,XSWX,2022-09-02 13:36:44.125,2022-09-02 13:36:43.881535000,113.36,113.38,113.38,113.4,2022-09-02 13:36:43.011041000,113.34,113.38,2022-09-02 13:36:45.107366000,113.37,113.39,113.36,1.0
3787,CH0038863350,323502,NESN,CHF,XSWX,113.36,CONTINUOUS_TRADING,-240,2,XSWX,2022-09-02 13:36:44.125,2022-09-02 13:36:43.881535000,113.36,113.38,113.38,113.4,2022-09-02 13:36:43.011041000,113.34,113.38,2022-09-02 13:36:45.107366000,113.37,113.39,113.36,1.0
3789,CH0038863350,323502,NESN,CHF,XSWX,113.34,CONTINUOUS_TRADING,-112,2,XSWX,2022-09-02 13:37:00.181,2022-09-02 13:37:00.178404000,113.34,113.36,113.34,113.36,2022-09-02 13:36:59.151875000,113.32,113.34,2022-09-02 13:37:01.043295000,113.35,113.35,113.33,1.0
4006,CH0012032048,323508,ROG,CHF,XSWX,315.05,CONTINUOUS_TRADING,-45,2,XSWX,2022-09-02 13:37:05.304,2022-09-02 13:37:05.094556000,315.0,315.05,315.0,315.05,2022-09-02 13:37:04.058442000,315.1,315.15,2022-09-02 13:37:05.711913000,315.025,315.025,315.125,0.0
3790,CH0038863350,323502,NESN,CHF,XSWX,113.36,CONTINUOUS_TRADING,-137,2,XSWX,2022-09-02 13:37:06.544,2022-09-02 13:37:06.543990000,113.34,113.36,113.34,113.36,2022-09-02 13:37:05.238085000,113.34,113.36,2022-09-02 13:37:07.500153000,113.35,113.35,113.35,0.0
3791,CH0038863350,323502,NESN,CHF,XSWX,113.36,CONTINUOUS_TRADING,-108,2,XSWX,2022-09-02 13:37:22.355,2022-09-02 13:37:22.328699000,113.34,113.36,113.34,113.36,2022-09-02 13:37:21.177809000,113.34,113.36,2022-09-02 13:37:22.710746000,113.35,113.35,113.35,0.0
4007,CH0012032048,323508,ROG,CHF,XSWX,315.1,CONTINUOUS_TRADING,-34,2,XSWX,2022-09-02 13:37:22.360,2022-09-02 13:37:22.327094000,315.05,315.1,315.05,315.1,2022-09-02 13:37:21.142873000,315.1,315.2,2022-09-02 13:37:22.807511000,315.07500000000005,315.07500000000005,315.15,0.0
3792,CH0038863350,323502,NESN,CHF,XSWX,113.32,CONTINUOUS_TRADING,-178,2,XSWX,2022-09-02 13:37:55.127,2022-09-02 13:37:55.122377000,113.3,113.32,113.3,113.32,2022-09-02 13:37:54.100912000,113.3,113.32,2022-09-02 13:37:55.924891000,113.31,113.31,113.31,0.0
4008,CH0012032048,323508,ROG,CHF,XSWX,314.95,CONTINUOUS_TRADING,-12,2,XSWX,2022-09-02 13:38:07.387,2022-09-02 13:38:05.951015000,314.9,314.95,314.9,314.95,2022-09-02 13:38:05.951015000,314.9,315.0,2022-09-02 13:38:07.504665000,314.92499999999995,314.92499999999995,314.95,0.0
4009,CH0012032048,323508,ROG,CHF,XSWX,314.9,CONTINUOUS_TRADING,-19,2,XSWX,2022-09-02 13:38:25.494,2022-09-02 13:38:24.622261000,314.85,314.9,314.85,314.9,2022-09-02 13:38:24.330879000,314.9,314.95,2022-09-02 13:38:26.460077000,314.875,314.875,314.92499999999995,0.0
4010,CH0012032048,323508,ROG,CHF,XSWX,314.95,CONTINUOUS_TRADING,-9,2,XSWX,2022-09-02 13:38:36.370,2022-09-02 13:38:36.354952000,314.9,314.95,314.85,314.9,2022-09-02 13:38:33.953819000,314.95,315.05,2022-09-02 13:38:37.311391000,314.92499999999995,314.875,315.0,0.0
3793,CH0038863350,323502,NESN,CHF,XSWX,113.32,CONTINUOUS_TRADING,-97,2,XSWX,2022-09-02 13:38:41.360,2022-09-02 13:38:40.961084000,113.3,113.32,113.3,113.32,2022-09-02 13:38:39.958943000,113.34,113.36,2022-09-02 13:38:42.339004000,113.31,113.31,113.35,0.0
4011,CH0012032048,323508,ROG,CHF,XSWX,315.0,CONTINUOUS_TRADING,-4,2,XSWX,2022-09-02 13:38:41.373,2022-09-02 13:38:40.962020000,314.95,315.0,314.95,315.0,2022-09-02 13:38:40.369964000,314.95,315.0,2022-09-02 13:38:41.461941000,314.975,314.975,314.975,0.0
3795,CH0038863350,323502,NESN,CHF,XSWX,113.34,CONTINUOUS_TRADING,-56,2,XSWX,2022-09-02 13:38:47.742,2022-09-02 13:38:46.741882000,113.34,113.36,113.34,113.36,2022-09-02 13:38:46.741882000,113.34,113.36,2022-09-02 13:38:48.559560000,113.35,113.35,113.35,1.0
3794,CH0038863350,323502,NESN,CHF,XSWX,113.34,CONTINUOUS_TRADING,-260,2,XSWX,2022-09-02 13:38:47.742,2022-09-02 13:38:46.741882000,113.34,113.36,113.34,113.36,2022-09-02 13:38:46.741882000,113.34,113.36,2022-09-02 13:38:48.559560000,113.35,113.35,113.35,1.0
3796,CH0038863350,323502,NESN,CHF,XSWX,113.34,CONTINUOUS_TRADING,-137,2,XSWX,2022-09-02 13:38:48.036,2022-09-02 13:38:48.032804000,113.34,113.36,113.34,113.36,2022-09-02 13:38:46.741882000,113.34,113.36,2022-09-02 13:38:48.559560000,113.35,113.35,113.35,1.0
208,BE0003851681,328336,AED,EUR,XBRU,93.75,CONTINUOUS_TRADING,20,1,XBRU,2022-09-02 13:38:50.224,2022-09-02 13:37:57.022179474,93.75,93.8,93.75,93.8,2022-09-02 13:37:57.022179474,93.7,93.75,2022-09-02 13:38:50.229003046,93.775,93.775,93.725,0.0
1222,BE0003593044,324084,COFB,EUR,XBRU,100.6,CONTINUOUS_TRADING,15,1,XBRU,2022-09-02 13:38:50.241,2022-09-02 13:38:46.701191476,100.6,100.7,100.6,100.7,2022-09-02 13:38:46.701191476,100.5,100.6,2022-09-02 13:38:50.587361927,100.65,100.65,100.55,0.0
4012,CH0012032048,323508,ROG,CHF,XSWX,314.95,CONTINUOUS_TRADING,-8,2,XSWX,2022-09-02 13:39:08.261,2022-09-02 13:39:08.237090000,314.9,314.95,314.9,314.95,2022-09-02 13:39:06.830530000,314.95,315.0,2022-09-02 13:39:09.239378000,314.92499999999995,314.92499999999995,314.975,0.0
3797,CH0038863350,323502,NESN,CHF,XSWX,113.32,CONTINUOUS_TRADING,-189,2,XSWX,2022-09-02 13:39:13.934,2022-09-02 13:39:13.928040000,113.3,113.32,113.3,113.32,2022-09-02 13:39:11.762593000,113.3,113.32,2022-09-02 13:39:14.524647000,113.31,113.31,113.31,0.0
3798,CH0038863350,323502,NESN,CHF,XSWX,113.34,CONTINUOUS_TRADING,-63,2,XSWX,2022-09-02 13:39:26.877,2022-09-02 13:39:26.180404000,113.32,113.34,113.32,113.34,2022-09-02 13:39:25.788319000,113.32,113.36,2022-09-02 13:39:27.114722000,113.33,113.33,113.34,0.0
4029,CH0012005267,323448,NOVN,CHF,XSWX,79.08,CONTINUOUS_TRADING,-10,2,XSWX,2022-09-02 13:39:31.045,2022-09-02 13:39:30.419344000,79.08,79.09,79.08,79.09,2022-09-02 13:39:29.971601000,79.07,79.09,2022-09-02 13:39:32.038059000,79.08500000000001,79.08500000000001,79.08,1.0
4030,CH0012005267,323448,NOVN,CHF,XSWX,79.07,CONTINUOUS_TRADING,-139,2,XSWX,2022-09-02 13:39:31.406,2022-09-02 13:39:31.400359000,79.07,79.09,79.08,79.09,2022-09-02 13:39:30.345735000,79.07,79.09,2022-09-02 13:39:32.268628000,79.08,79.08500000000001,79.08,1.0
4031,CH0012005267,323448,NOVN,CHF,XSWX,79.07,CONTINUOUS_TRADING,-63,2,XSWX,2022-09-02 13:39:31.406,2022-09-02 13:39:31.400359000,79.07,79.09,79.08,79.09,2022-09-02 13:39:30.345735000,79.07,79.09,2022-09-02 13:39:32.268628000,79.08,79.08500000000001,79.08,1.0
3799,CH0038863350,323502,NESN,CHF,XSWX,113.34,CONTINUOUS_TRADING,-44,2,XSWX,2022-09-02 13:39:38.177,2022-09-02 13:39:38.163774000,113.32,113.34,113.3,113.34,2022-09-02 13:39:36.590158000,113.34,113.36,2022-09-02 13:39:38.469475000,113.33,113.32,113.35,0.0
3800,CH0038863350,323502,NESN,CHF,XSWX,113.34,CONTINUOUS_TRADING,-52,2,XSWX,2022-09-02 13:39:38.187,2022-09-02 13:39:38.180395000,113.32,113.34,113.3,113.34,2022-09-02 13:39:36.590158000,113.34,113.36,2022-09-02 13:39:38.469475000,113.33,113.32,113.35,0.0
4013,CH0012032048,323508,ROG,CHF,XSWX,314.9,CONTINUOUS_TRADING,-15,2,XSWX,2022-09-02 13:39:49.353,2022-09-02 13:39:49.352738000,314.8,314.9,314.8,314.9,2022-09-02 13:39:48.283367000,314.9,315.0,2022-09-02 13:39:49.441481000,314.85,314.85,314.95,0.0
3801,CH0038863350,323502,NESN,CHF,XSWX,113.34,CONTINUOUS_TRADING,-55,2,XSWX,2022-09-02 13:39:49.362,2022-09-02 13:39:49.010797000,113.32,113.34,113.32,113.34,2022-09-02 13:39:48.089509000,113.34,113.36,2022-09-02 13:39:50.336432000,113.33,113.33,113.35,0.0
4014,CH0012032048,323508,ROG,CHF,XSWX,314.95,CONTINUOUS_TRADING,-12,2,XSWX,2022-09-02 13:39:55.851,2022-09-02 13:39:55.849958000,314.95,315.0,314.95,315.0,2022-09-02 13:39:53.955949000,314.95,315.0,2022-09-02 13:39:55.925485000,314.975,314.975,314.975,1.0
209,BE0003851681,328336,AED,EUR,XBRU,93.7,CONTINUOUS_TRADING,11,1,XBRU,2022-09-02 13:40:03.753,2022-09-02 13:40:03.578511334,93.7,93.8,93.7,93.8,2022-09-02 13:40:02.235768242,93.65,93.7,2022-09-02 13:40:04.199099664,93.75,93.75,93.67500000000001,0.0
3802,CH0038863350,323502,NESN,CHF,XSWX,113.36,CONTINUOUS_TRADING,-37,2,XSWX,2022-09-02 13:40:09.114,2022-09-02 13:40:08.048069000,113.34,113.36,113.34,113.36,2022-09-02 13:40:08.048069000,113.36,113.38,2022-09-02 13:40:10.046498000,113.35,113.35,113.37,0.0
210,BE0003851681,328336,AED,EUR,XBRU,93.65,CONTINUOUS_TRADING,4,1,XBRU,2022-09-02 13:40:14.862,2022-09-02 13:40:14.559791776,93.65,93.7,93.65,93.75,2022-09-02 13:40:13.066554800,93.65,93.7,2022-09-02 13:40:14.862365030,93.67500000000001,93.7,93.67500000000001,0.0
4015,CH0012032048,323508,ROG,CHF,XSWX,315.2,CONTINUOUS_TRADING,-9,2,XSWX,2022-09-02 13:40:29.594,2022-09-02 13:40:29.275393000,315.15,315.2,315.1,315.2,2022-09-02 13:40:27.635199000,315.2,315.3,2022-09-02 13:40:30.409831000,315.17499999999995,315.15,315.25,0.0
3803,CH0038863350,323502,NESN,CHF,XSWX,113.38,CONTINUOUS_TRADING,-42,2,XSWX,2022-09-02 13:40:37.705,2022-09-02 13:40:37.558158000,113.36,113.38,113.36,113.38,2022-09-02 13:40:36.603992000,113.38,113.4,2022-09-02 13:40:38.671153000,113.37,113.37,113.39,0.0
3804,CH0038863350,323502,NESN,CHF,XSWX,113.38,CONTINUOUS_TRADING,-72,2,XSWX,2022-09-02 13:40:37.705,2022-09-02 13:40:37.558158000,113.36,113.38,113.36,113.38,2022-09-02 13:40:36.603992000,113.38,113.4,2022-09-02 13:40:38.671153000,113.37,113.37,113.39,0.0
211,BE0003851681,328336,AED,EUR,XBRU,93.65,CONTINUOUS_TRADING,11,1,XBRU,2022-09-02 13:40:41.518,2022-09-02 13:40:40.504711036,93.65,93.75,93.65,93.75,2022-09-02 13:40:40.504711036,93.6,93.7,2022-09-02 13:40:41.525660234,93.7,93.7,93.65,0.0
3805,CH0038863350,323502,NESN,CHF,XSWX,113.38,CONTINUOUS_TRADING,-9,2,XSWX,2022-09-02 13:40:54.399,2022-09-02 13:40:54.390155000,113.36,113.38,113.36,113.38,2022-09-02 13:40:52.672057000,113.36,113.38,2022-09-02 13:40:55.331826000,113.37,113.37,113.37,0.0
4016,CH0012032048,323508,ROG,CHF,XSWX,315.15,CONTINUOUS_TRADING,-9,2,XSWX,2022-09-02 13:40:59.296,2022-09-02 13:40:59.076017000,315.1,315.15,315.1,315.15,2022-09-02 13:40:58.250781000,315.15,315.25,2022-09-02 13:40:59.849356000,315.125,315.125,315.2,0.0
3806,CH0038863350,323502,NESN,CHF,XSWX,113.38,CONTINUOUS_TRADING,-60,2,XSWX,2022-09-02 13:40:59.701,2022-09-02 13:40:58.544601000,113.36,113.38,113.36,113.38,2022-09-02 13:40:58.544601000,113.38,113.4,2022-09-02 13:41:00.563362000,113.37,113.37,113.39,0.0
3807,CH0038863350,323502,NESN,CHF,XSWX,113.38,CONTINUOUS_TRADING,-40,2,XSWX,2022-09-02 13:41:09.984,2022-09-02 13:41:09.288882000,113.36,113.38,113.36,113.38,2022-09-02 13:41:08.377368000,113.38,113.4,2022-09-02 13:41:10.928872000,113.37,113.37,113.39,0.0
3808,CH0038863350,323502,NESN,CHF,XSWX,113.38,CONTINUOUS_TRADING,-31,2,XSWX,2022-09-02 13:41:11.183,2022-09-02 13:41:10.928872000,113.38,113.4,113.38,113.4,2022-09-02 13:41:10.095103000,113.38,113.4,2022-09-02 13:41:11.240420000,113.39,113.39,113.39,1.0
4017,CH0012032048,323508,ROG,CHF,XSWX,315.1,CONTINUOUS_TRADING,-12,2,XSWX,2022-09-02 13:41:17.540,2022-09-02 13:41:17.514219000,315.05,315.1,315.05,315.1,2022-09-02 13:41:16.442569000,315.05,315.1,2022-09-02 13:41:18.374332000,315.07500000000005,315.07500000000005,315.07500000000005,0.0
4018,CH0012032048,323508,ROG,CHF,XSWX,315.1,CONTINUOUS_TRADING,-9,2,XSWX,2022-09-02 13:41:26.750,2022-09-02 13:41:26.740800000,315.05,315.1,315.05,315.1,2022-09-02 13:41:25.105038000,315.05,315.15,2022-09-02 13:41:27.306408000,315.07500000000005,315.07500000000005,315.1,0.0
3809,CH0038863350,323502,NESN,CHF,XSWX,113.34,CONTINUOUS_TRADING,-16,2,XSWX,2022-09-02 13:41:27.356,2022-09-02 13:41:27.347104000,113.34,113.36,113.32,113.34,2022-09-02 13:41:26.161843000,113.36,113.38,2022-09-02 13:41:28.336059000,113.35,113.33,113.37,1.0
4019,CH0012032048,323508,ROG,CHF,XSWX,315.1,CONTINUOUS_TRADING,-4,2,XSWX,2022-09-02 13:41:30.286,2022-09-02 13:41:30.221330000,315.1,315.2,315.1,315.15,2022-09-02 13:41:29.113207000,315.1,315.15,2022-09-02 13:41:31.252985000,315.15,315.125,315.125,1.0
4020,CH0012032048,323508,ROG,CHF,XSWX,315.15,CONTINUOUS_TRADING,-8,2,XSWX,2022-09-02 13:41:34.882,2022-09-02 13:41:34.654826000,315.1,315.15,315.1,315.15,2022-09-02 13:41:32.770092000,315.1,315.2,2022-09-02 13:41:35.605479000,315.125,315.125,315.15,0.0
3810,CH0038863350,323502,NESN,CHF,XSWX,113.38,CONTINUOUS_TRADING,-34,2,XSWX,2022-09-02 13:41:48.534,2022-09-02 13:41:48.534000000,113.36,113.38,113.36,113.38,2022-09-02 13:41:45.250218000,113.36,113.38,2022-09-02 13:41:48.556124000,113.37,113.37,113.37,0.0
3811,CH0038863350,323502,NESN,CHF,XSWX,113.38,CONTINUOUS_TRADING,-61,2,XSWX,2022-09-02 13:41:49.534,2022-09-02 13:41:48.556124000,113.36,113.38,113.36,113.38,2022-09-02 13:41:48.534000000,113.36,113.38,2022-09-02 13:41:49.547460000,113.37,113.37,113.37,0.0
4021,CH0012032048,323508,ROG,CHF,XSWX,315.25,CONTINUOUS_TRADING,-3,2,XSWX,2022-09-02 13:41:59.174,2022-09-02 13:41:58.692438000,315.2,315.25,315.2,315.25,2022-09-02 13:41:58.116731000,315.2,315.3,2022-09-02 13:42:00.074335000,315.225,315.225,315.25,0.0
4022,CH0012032048,323508,ROG,CHF,XSWX,315.25,CONTINUOUS_TRADING,-3,2,XSWX,2022-09-02 13:41:59.179,2022-09-02 13:41:59.175344000,315.2,315.25,315.2,315.25,2022-09-02 13:41:58.116731000,315.2,315.3,2022-09-02 13:42:00.074335000,315.225,315.225,315.25,0.0
4023,CH0012032048,323508,ROG,CHF,XSWX,315.2,CONTINUOUS_TRADING,-13,2,XSWX,2022-09-02 13:42:06.972,2022-09-02 13:42:06.971149000,315.15,315.2,315.15,315.2,2022-09-02 13:42:05.493806000,315.2,315.3,2022-09-02 13:42:07.637752000,315.17499999999995,315.17499999999995,315.25,0.0
3812,CH0038863350,323502,NESN,CHF,XSWX,113.38,CONTINUOUS_TRADING,-91,2,XSWX,2022-09-02 13:42:10.836,2022-09-02 13:42:09.978495000,113.36,113.38,113.36,113.38,2022-09-02 13:42:09.788282000,113.4,113.44,2022-09-02 13:42:11.601742000,113.37,113.37,113.42,0.0
3813,CH0038863350,323502,NESN,CHF,XSWX,113.42,CONTINUOUS_TRADING,-32,2,XSWX,2022-09-02 13:42:13.714,2022-09-02 13:42:13.623523000,113.4,113.42,113.4,113.44,2022-09-02 13:42:12.121953000,113.42,113.46,2022-09-02 13:42:14.484655000,113.41,113.42,113.44,0.0
3814,CH0038863350,323502,NESN,CHF,XSWX,113.42,CONTINUOUS_TRADING,-17,2,XSWX,2022-09-02 13:42:13.714,2022-09-02 13:42:13.623523000,113.4,113.42,113.4,113.44,2022-09-02 13:42:12.121953000,113.42,113.46,2022-09-02 13:42:14.484655000,113.41,113.42,113.44,0.0
4024,CH0012032048,323508,ROG,CHF,XSWX,315.3,CONTINUOUS_TRADING,-8,2,XSWX,2022-09-02 13:42:26.816,2022-09-02 13:42:26.776018000,315.25,315.3,315.25,315.3,2022-09-02 13:42:25.204858000,315.3,315.4,2022-09-02 13:42:27.496697000,315.275,315.275,315.35,0.0
3815,CH0038863350,323502,NESN,CHF,XSWX,113.42,CONTINUOUS_TRADING,-26,2,XSWX,2022-09-02 13:42:26.856,2022-09-02 13:42:26.832872000,113.4,113.42,113.4,113.42,2022-09-02 13:42:25.376015000,113.42,113.46,2022-09-02 13:42:27.488988000,113.41,113.41,113.44,0.0
3816,CH0038863350,323502,NESN,CHF,XSWX,113.4,CONTINUOUS_TRADING,-74,2,XSWX,2022-09-02 13:42:49.318,2022-09-02 13:42:48.903449000,113.4,113.42,113.38,113.4,2022-09-02 13:42:47.431652000,113.38,113.42,2022-09-02 13:42:49.340571000,113.41,113.39,113.4,1.0
3817,CH0038863350,323502,NESN,CHF,XSWX,113.38,CONTINUOUS_TRADING,-60,2,XSWX,2022-09-02 13:42:50.321,2022-09-02 13:42:49.340571000,113.38,113.42,113.4,113.42,2022-09-02 13:42:49.318979000,113.38,113.4,2022-09-02 13:42:50.879634000,113.4,113.41,113.39,1.0
3818,CH0038863350,323502,NESN,CHF,XSWX,113.38,CONTINUOUS_TRADING,-60,2,XSWX,2022-09-02 13:42:50.873,2022-09-02 13:42:50.830553000,113.38,113.4,113.38,113.42,2022-09-02 13:42:49.340571000,113.38,113.4,2022-09-02 13:42:51.849430000,113.39,113.4,113.39,1.0
4032,CH0012005267,323448,NOVN,CHF,XSWX,79.05,CONTINUOUS_TRADING,-14,2,XSWX,2022-09-02 13:43:03.238,2022-09-02 13:43:02.570620000,79.05,79.07,79.05,79.06,2022-09-02 13:43:02.154605000,79.05,79.06,2022-09-02 13:43:03.423558000,79.06,79.055,79.055,1.0
4033,CH0012005267,323448,NOVN,CHF,XSWX,79.03,CONTINUOUS_TRADING,-91,2,XSWX,2022-09-02 13:43:04.738,2022-09-02 13:43:04.645972000,79.03,79.05,79.05,79.06,2022-09-02 13:43:03.423558000,79.03,79.05,2022-09-02 13:43:05.569403000,79.03999999999999,79.055,79.03999999999999,1.0
